3625 5317
490 754 555 813 Μ
727 764 864 810 solutus
881 761 1161 807 sanssaaureums
1291 744 1399 824 [secr.
1413 764 1440 808 v.

490 916 677 1003 cupiditate.
708 916 793 990 Quia
811 936 888 999 ergo
906 912 1030 999 patiens
1045 910 1095 975 vel
1111 925 1218 976 castus
1233 913 1311 977 vitio
1326 928 1443 979 natura

491 1032 612 1107 peccat,
629 1016 813 1102 poeuitendo
825 1028 857 1081 et
867 1014 990 1079 orando
1003 1037 1077 1077 cum
1096 1014 1198 1079 Paulo
1212 1014 1297 1079 dicat
1309 1041 1319 1089 3
1344 1020 1365 1053 “
1375 1016 1444 1081 lam

490 1144 553 1185 nou
568 1142 628 1205 ego
642 1140 756 1205 operor
772 1117 873 1190 illud;
906 1116 960 1180 sed
976 1114 1064 1201 quod
1080 1114 1112 1179 in
1129 1138 1180 1179 me
1195 1116 1350 1182 habitat.”
1387 1122 1445 1184 Per

490 1222 547 1285 has
568 1219 668 1305 igitur
688 1230 808 1304 septem
831 1218 968 1282 virtutes
989 1215 1177 1293 meritorias,
1192 1230 1313 1302 septem
1335 1221 1446 1283 animas

490 1324 573 1387 vires
595 1321 820 1386 reformantur.
859 1321 921 1383 Per
941 1318 1040 1403 ipsas,
1054 1331 1087 1381 et
1103 1331 1266 1403 tamquam
1284 1340 1340 1403 per
1354 1321 1447 1405 septi-

488 1422 600 1489 formia
614 1422 727 1509 gratita
747 1421 868 1507 gradus
883 1419 1083 1484 ascendendo
1106 1420 1356 1507 suspenduntur.
1403 1424 1445 1486 Et

487 1526 534 1593 ita
545 1526 650 1591 anima
659 1522 970 1611 septiformisgratioe
981 1520 1187 1607 spirituduce
1202 1524 1306 1586 Deum
1313 1523 1445 1587 sicinius

489 1628 734 1716 contemplatur.
768 1627 884 1712 ltaque
897 1636 934 1689 ut
949 1648 969 1689 a
983 1624 1078 1688 beato
1089 1623 1250 1707 Gregorio
1260 1624 1444 1709 percipitur,

492 1731 544 1795 Sic
558 1731 664 1795 anima
677 1726 835 1815 gradatim
858 1723 1061 1789 ascendendo
1078 1724 1286 1799 reformatum
1316 1728 1362 1790 sic
1375 1748 1445 1791 con-

489 1829 674 1919 templando
689 1829 729 1893 ad
745 1826 936 1894 ineffabilem
948 1826 1067 1891 divinas
1081 1826 1272 1911 cognitionis
1285 1848 1444 1893 accessum

489 1957 592 2021 usque
602 1931 805 1997 conducitur.
837 1932 876 1994 ln
890 1930 996 2015 primo
1006 1928 1126 1993 scilicet
1140 1927 1333 1993 humilitatis
1343 1929 1444 2013 gradu

489 2035 621 2123 spiritus
645 2032 766 2099 timoris
783 2030 912 2096 Domini
934 2031 1075 2095 animum
1096 2030 1224 2115 premit,
1241 2050 1281 2093 ne
1302 2029 1344 2093 de
1366 2054 1444 2116 prae·

489 2134 689 2201 sumentibus
704 2133 879 2220 superbiat,
894 2132 949 2197 sed
965 2131 1056 2196 illum
1071 2130 1113 2196 de
1133 2130 1364 2217 sperandorum
1385 2133 1445 2197 fer·

489 2236 570 2301 culis
585 2249 778 2301 aetemorum
792 2234 962 2299 confortat.
1005 2236 1044 2297 ln
1060 2233 1210 2308 secundo,
1226 2233 1345 2299 scilicet
1359 2257 1444 2298 mau-

489 2336 684 2411 suetudines,
696 2335 800 2420 gradu
817 2335 1088 2422 spirituapietatis
1103 2335 1218 2400 mentis
1229 2335 1343 2399 intima
1353 2358 1445 2401 occu·

489 2448 556 2525 pat,
567 2451 604 2501 ut
615 2435 715 2521 ipsam
726 2436 878 2521 operibus
889 2436 1115 2501 misericordia
1127 2440 1257 2522 repleat.
1290 2436 1327 2499 lu
1339 2438 1444 2514 tertio,

488 2538 606 2605 scilicet
615 2536 776 2623 patientias
786 2538 1030 2623 graduspiritus
1039 2538 1178 2602 scientias
1187 2535 1444 2622 imaginationem

487 2641 651 2719 reformat,
675 2649 712 2705 ut
734 2654 869 2706 mentem
893 2640 1078 2705 consolidet.
1125 2637 1162 2702 ln
1187 2652 1315 2725 quarto,
1339 2640 1372 2706 id
1397 2654 1445 2707 est

487 2743 730 2832 perseverantiae
745 2744 818 2808 boni
834 2742 950 2828 operis,
963 2742 1075 2825 gradu,
1087 2742 1220 2830 spiritus
1234 2742 1444 2820 fortitudinis,

489 2847 565 2912 dum
588 2845 810 2913 adversitatem
833 2844 875 2910 ab
890 2845 998 2908 auimo
1019 2843 1180 2931 propellit,
1196 2845 1295 2909 menti
1313 2868 1355 2909 ex
1375 2850 1443 2933 opi·

486 2952 580 3015 trione
608 2948 778 3013 fluctuanti
809 2946 940 3011 rationis
964 2946 1187 3011 confidentiam
1214 2946 1358 3033 apponit.
1405 2950 1443 3012 ln

488 3050 613 3137 quinto,
629 3048 747 3114 scilicet
766 3046 931 3131 largitatis,
946 3045 1049 3133 gradu
1071 3048 1204 3133 spiritua
1218 3047 1351 3128 consilii,
1365 3049 1443 3114 dum

487 3151 652 3230 rationem,
667 3149 863 3236 praecipitem
879 3170 947 3213 esse
961 3149 1129 3235 prohibet;
1155 3150 1296 3215 animum
1311 3164 1344 3215 et
1359 3174 1444 3217 men·

488 3266 551 3317 tem
567 3249 659 3315 solati
673 3249 873 3313 firmitudine
895 3251 1006 3337 replet.
1051 3254 1090 3317 In
1111 3265 1215 3328 sexto,
1229 3250 1262 3315 id
1283 3265 1331 3317 est
1347 3256 1445 3340 parsi-

487 3351 612 3431 monioe,
626 3350 729 3435 gradu
753 3350 885 3437 spiritus
907 3350 1090 3418 intellectus
1109 3354 1226 3418 mentis
1247 3353 1442 3420 intellectum

486 3452 655 3518 reficiendo
669 3464 832 3538 penetrat3
853 3467 886 3519 et
902 3455 1096 3541 penetrando
1111 3455 1257 3521 tenebras
1270 3456 1342 3543 ejus
1356 3457 1445 3523 illus-

489 3566 563 3619 trat.
610 3553 649 3617 In
673 3551 818 3639 septimo,
845 3554 964 3620 scilicet
987 3555 1093 3620 cordis
1120 3556 1304 3637 mundiciae,
1317 3557 1440 3642 gradu,

486 3656 617 3743 spiritus
632 3655 795 3743 sapientias
810 3657 991 3722 memoriam
1007 3656 1039 3719 in
1056 3657 1148 3722 bonis
1162 3658 1444 3724 commemorandis

486 3758 649 3835 reformat,
664 3773 695 3823 et
717 3758 756 3822 ad
778 3772 905 3826 aetemae
926 3759 1072 3824 veritatis
1090 3760 1390 3846 contemplationem
1411 3776 1443 3827 et

486 3858 725 3924 delectationem
742 3862 928 3927 consolidat.
967 3863 1019 3926 Sic
1034 3862 1135 3947 igitur
1149 3862 1266 3943 anima,
1280 3864 1306 3927 si
1321 3878 1441 3950 septem

487 3960 643 4027 virtutum
669 3959 824 4045 gradibus
850 3962 1049 4027 ascendendo
1074 3964 1240 4044 innitatur,
1263 3964 1296 4029 in
1321 3977 1441 4051 septem

485 4062 609 4129 viribus
623 4061 686 4129 suia
700 4084 758 4149 per
772 4063 988 4148 septiformem
1002 4067 1137 4148 gratiam
1154 4067 1356 4132 reformatur.
