3625 5317
653 793 733 842 v1rr
749 793 866 841 sanem
883 791 1045 841 ansatur.
1240 782 1322 860 ,337

368 993 451 1087 Cap.
470 1005 518 1064 ll.
542 998 713 1062 Auaelmus
736 999 992 1082 archiepiscopus
1014 1000 1161 1081 perceuit
1187 995 1322 1079 Lugiu-

410 1124 509 1174 uum,-
533 1109 565 1164 et
586 1122 607 1163 c
628 1101 805 1164 venerabili
829 1103 971 1182 Hugoue
992 1101 1227 1182 archiepiscopo
1247 1119 1321 1162 cum

412 1207 529 1268 honore
548 1209 698 1286 acceptus
717 1210 772 1266 eat.
826 1203 999 1266 Wiilelmur
1012 1223 1070 1266 rer
1085 1203 1219 1284 Aupliee
1232 1222 1322 1264 nua-

412 1308 477 1368 cios
505 1306 591 1367 misit
621 1305 744 1368 Romae.
790 1305 901 1369 Causa
930 1305 1079 1391 differtur
1106 1306 1193 1370 iuter
1217 1305 1322 1367 archi-

409 1409 593 1489 episcopum
618 1414 649 1469 et
674 1427 779 1486 regem
798 1426 860 1488 per
888 1426 1009 1488 popam
1037 1405 1216 1468 Urbanum.
1268 1407 1322 1470 De

412 1515 513 1572 morte
540 1508 667 1572 Urbani
688 1529 795 1590 papa.
842 1507 1017 1570 Auselmua
1038 1513 1206 1590 susceptus
1231 1513 1277 1571 est
1300 1529 1322 1571 o

417 1609 550 1673 Widonc
572 1611 704 1672 Vacca
725 1611 971 1692 archiepiscopo.
1015 1606 1069 1671 De
1090 1607 1216 1671 duobus
1235 1609 1321 1670 mili-

412 1711 498 1774 tibus
511 1710 727 1792 querentibus.
771 1709 824 1773 De
838 1710 926 1772 aricia
940 1728 1062 1772 merasce
1075 1710 1226 1774 Auselmi.
1270 1709 1324 1776 De

406 1816 519 1898 prima
540 1815 672 1891 cisione,
694 1811 836 1875 secunda
855 1817 889 1875 et
911 1812 1009 1875 tertia
1030 1813 1144 1876 mortis
1170 1810 1323 1876 Willeirui

412 1915 495 1996 regis
510 1916 696 1998 duplorum.

411 2065 609 2127 Lunnuuurr
623 2063 743 2128 abinde
756 2063 923 2126 revertitur
933 2063 1123 2141 Anselmus3
1145 2073 1178 2126 et
1192 2086 1211 2127 a
1226 2085 1322 2128 rene·

366 2166 461 2231 rabili
477 2166 544 2228 viro
560 2167 704 2246 Hugone
725 2165 836 2249 primia
858 2164 945 2228 sedis
961 2165 1140 2229 Galliarum
1162 2166 1320 2251 episcopo

368 2278 525 2352 exceptus
550 2277 610 2345 est,
634 2279 669 2332 ut
694 2277 848 2352 tanquam
875 2267 942 2330 loci
968 2266 1116 2332 dominus
1142 2269 1321 2334 haberetur.

365 2369 533 2454 Siquidem
564 2371 824 2455 archiepiscopus
846 2383 879 2434 et
898 2371 1187 2455 comprovinciales
1215 2372 1262 2436 sic
1292 2373 1322 2436 ei

366 2471 554 2536 deferebant
567 2471 600 2534 in
625 2471 785 2548 omnibus,
801 2492 838 2534 ac
861 2471 889 2534 si
913 2469 1153 2537 Cantuariensis
1174 2473 1322 2538 ecclesia

365 2571 559 2653 suffraganei
575 2583 689 2635 essent.
717 2573 760 2634 Et
772 2571 916 2654 profecto
933 2571 1171 2635 Cantuariensis
1185 2572 1323 2636 ecclesia

367 2675 418 2738 his
442 2671 558 2737 diebus
583 2674 656 2756 plns
678 2671 756 2734 fidei
778 2671 898 2754 reperit
921 2672 956 2732 in
983 2673 1145 2735 extraneis
1168 2693 1264 2755 quam
1287 2674 1321 2738 ia

364 2776 445 2838 suis.
490 2774 566 2836 Filii
588 2773 673 2834 enirn
697 2774 969 2855 persequebantur
988 2781 1121 2856 patrem,
1144 2782 1178 2836 et
1197 2773 1322 2838 inimici

366 2875 508 2940 bominis
523 2872 693 2936 domestici
717 2872 795 2956 ejas.
841 2873 927 2935 Nam
942 2894 985 2936 ax
1004 2893 1133 2936 suorum
1152 2875 1288 2938 consilio
1302 2897 1323 2940 a

365 2998 439 3060 rege
468 2975 568 3060 impio
598 2972 776 3038 destinatus
805 2975 943 3037 Romam
971 2984 1110 3053 venerat,
1139 2974 1245 3040 adhuc
1273 2977 1321 3039 ibi

362 3078 502 3160 degente
539 3077 703 3155 Anselmo‚
733 3074 916 3138 Willelmus
937 3076 1005 3154 ille,
1041 3076 1134 3174 capias
1162 3077 1196 3140 in
1233 3077 1323 3141 exitu

364 3179 492 3262 Angliae
507 3178 626 3242 mentio
642 3179 727 3242 iacta
745 3189 810 3254 est;
832 3186 865 3239 et
879 3177 963 3241 inter
985 3189 1105 3242 caetera
1125 3179 1267 3244 obtinuit
1280 3181 1321 3243 ab

368 3281 514 3355 Urbano,
537 3290 574 3342 ut
604 3300 733 3342 causam
758 3278 902 3342 Anselmi
929 3278 1070 3344 differret
1092 3303 1111 3346 a
1133 3282 1322 3347 solennitate

368 3378 518 3448 Paschali
546 3379 581 3442 in
608 3379 694 3442 diem
724 3380 839 3444 iactum
867 3382 972 3445 sancti
997 3383 1179 3448 Michaelis.
1223 3383 1322 3449 Unde

365 3480 641 3563 archiepiscopus,
658 3479 766 3564 quoad
786 3501 846 3545 rex
859 3481 992 3560 viveret,
1006 3483 1092 3550 viam
1114 3483 1272 3549 redeundi
1288 3486 1323 3550 in

367 3583 514 3663 Angliam
539 3581 601 3644 sibi
627 3580 764 3646 credidit
783 3603 853 3647 esse
877 3584 1081 3664 praeclusam.
1126 3585 1192 3650 Sed
1213 3597 1322 3650 custos

367 3683 477 3759 Israel,
500 3684 556 3766 qui
579 3703 644 3746 non
668 3682 794 3761 dormit,
817 3682 977 3768 quicquid
997 3684 1139 3750 humana
1160 3686 1323 3751 temeritas

367 3784 551 3863 somniaret,
580 3785 707 3848 consilii
743 3787 853 3850 aeterni
882 3785 1008 3849 interim
1039 3788 1228 3852 sententiam
1254 3788 1320 3854 ais·

367 3895 497 3969 pensat3
520 3895 553 3947 et
569 3885 749 3965 Urbanum,
763 3887 820 3970 qni
836 3908 964 3951 causam
981 3886 1039 3950 viri
1059 3888 1123 3951 Dei
1138 3889 1179 3952 ad
1194 3891 1321 3974 petitio·

368 4009 442 4051 nem
473 3986 601 4071 tyranni
631 3985 808 4065 distulerat,
836 3989 949 4052 eximit
976 3989 1073 4052 rebus
1101 3990 1259 4065 human-ia,
1285 4001 1323 4054 ut

365 4088 534 4172 praefixum
557 4087 642 4151 diem
664 4109 729 4150 nou
753 4088 866 4152 videat.
913 4091 953 4152 ln
975 4091 1074 4154 exilio
1097 4103 1202 4156 tamcn
1229 4113 1321 4176 pros·

366 4199 495 4272 peretur
509 4191 701 4266 Anselmus;
725 4201 757 4253 et
772 4211 836 4254 non
854 4189 951 4256 modo
973 4193 1007 4256 in
1030 4193 1241 4274 Lugdunenai
1263 4192 1321 4257 sed

365 4289 400 4352 in
417 4291 577 4373 contiguis
593 4313 720 4375 quoque
736 4292 909 4375 provinciis
930 4294 1127 4360 clarificante
1140 4296 1230 4360 illum
1247 4295 1320 4359 Dec

366 4391 408 4456 ab
424 4391 575 4456 omnibus
593 4395 805 4459 communiter
821 4394 1009 4459 celebratur.

411 4507 483 4554 vor..
500 4509 530 4554 v.
834 4517 853 4557 z
