3625 5317
480 810 543 875 102
722 818 1154 873 rossurs'saassseamusrs
1293 806 1377 886 [am.
1393 827 1430 871 rr.

476 978 610 1064 singulis
621 1000 731 1043 verum
744 991 803 1056 est,
813 976 889 1064 quia
900 976 1039 1063 quisque
1050 973 1165 1061 diligat
1174 998 1219 1053 se,
1228 989 1260 1042 et
1276 976 1431 1044 distribu-

477 1080 543 1145 tiva
557 1079 678 1146 ratione
687 1079 837 1166 quadam,
847 1078 889 1142 de
904 1077 1060 1143 universis
1070 1076 1101 1141 in
1116 1100 1285 1143 commune
1295 1079 1430 1144 affirma·

477 1196 543 1259 tur,
564 1186 649 1271 quod
668 1188 772 1248 omnis
793 1187 884 1248 homo
906 1183 1019 1265 uitiata
1040 1204 1084 1257 se,
1105 1180 1277 1266 benignius
1298 1181 1428 1266 quidem

476 1298 607 1371 accepta
628 1284 780 1350 relatione
801 1282 1004 1371 intelligitur,
1026 1306 1125 1369 quam
1146 1293 1197 1361 ut,
1219 1306 1259 1348 ex
1281 1285 1430 1367 angustia

478 1387 713 1461 Grammaticos,
734 1392 785 1453 vel
808 1386 1046 1451 universitatem
1069 1384 1211 1471 colligat,
1227 1387 1276 1450 vel
1298 1385 1429 1472 aliquod

478 1488 738 1576 singulorum‚ab
748 1488 956 1555 universitate
962 1485 1148 1573 singulatim
1158 1503 1318 1575 excerpat.
1334 1490 1430 1555 Unde

477 1615 516 1657 ex
544 1595 701 1659 sententia
725 1616 847 1671 eorum,
871 1590 929 1677 qui
955 1590 1113 1676 angustiis
1137 1603 1174 1655 et
1196 1590 1430 1657 subtilitatibus

477 1718 602 1780 semper
615 1694 777 1774 insistunt,
787 1718 843 1759 nec
858 1694 951 1759 bonae
965 1692 1040 1757 fidei
1052 1692 1206 1758 rationem
1219 1693 1253 1756 in
1264 1693 1431 1780 colloquiis

476 1809 534 1861 aut
546 1795 733 1863 lectionibus
747 1810 871 1873 curant,
883 1793 952 1860 boec
967 1795 1075 1881 potius
1085 1793 1313 1859 enuntiationis
1326 1795 1429 1860 forma

476 1910 536 1977 est,
551 1920 648 1984 quam
665 1899 821 1985 regularis
836 1898 948 1961 formae
962 1896 1152 1961 enunciatio.
1191 1896 1284 1960 Idem
1298 1919 1428 1983 quoque

476 2014 633 2077 asserunt,
648 2000 795 2085 quotiens
810 1998 1005 2083 pronominis
1019 1999 1057 2064 tit
1072 1998 1113 2063 ad
1132 2019 1245 2063 nornen
1261 1998 1427 2085 appellati·

476 2121 553 2163 vum
569 2102 692 2179 relatio,
707 2124 746 2165 en
761 2101 847 2187 quod
863 2122 1051 2186 pronomen,
1061 2100 1149 2187 quod
1166 2124 1289 2188 semper
1300 2101 1428 2166 demon·

477 2204 657 2277 strativum,
673 2216 730 2269 aut
745 2203 912 2268 relativum
934 2215 995 2280 est,
1011 2205 1134 2290 proprii
1151 2204 1287 2268 nominis
1301 2204 1427 2291 expleat

477 2304 596 2368 vicem:
627 2305 652 2369 si
675 2320 778 2371 tamen
803 2305 916 2391 primae
938 2306 1129 2372 inventionis
1150 2328 1255 2371 causae
1277 2320 1362 2372 recte
1381 2328 1430 2372 re-

475 2405 1429 2494 spondeat,naminterdumexindulgentialatiusevagatur.

477 2509 595 2595 Itaque
617 2532 716 2595 quum
738 2509 868 2585 dicitur,
891 2510 917 2575 si
937 2509 1063 2597 aliquid
1085 2522 1134 2575 est
1154 2510 1261 2589 homo,
1276 2509 1358 2575 illud
1380 2523 1430 2576 est

475 2608 602 2687 animal,
623 2625 768 2675 nontam
794 2612 1012 2699 hypothetice
1034 2610 1183 2677 dictionis
1202 2610 1430 2698 consequentia

474 2726 535 2791 est,
565 2736 672 2800 quam,
704 2714 735 2778 in
771 2713 977 2800 hypothetice
1010 2714 1164 2791 dicendis,
1194 2716 1431 2800 consequentis*

474 2816 590 2883 forma.
635 2816 721 2881 lllud
749 2817 831 2880 enim
863 2815 951 2903 quod
981 2816 1109 2893 dicitur,
1139 2838 1197 2881 nec
1226 2816 1363 2881 refertur
1386 2816 1429 2880 ad

473 2919 644 3000 bominem,
674 2943 713 2984 ex
745 2919 895 3004 angustia
926 2918 1126 3005 disputandi,
1153 2940 1211 2983 uec
1240 2923 1308 2983 clio
1337 2935 1427 3005 patet

475 3035 597 3089 certum
612 3022 704 3109 quid,
719 3044 785 3109 quo
801 3022 969 3086 referatur.
1012 3021 1108 3086 Unde
1121 3035 1153 3086 et
1170 3022 1428 3108 importunitates

473 3124 596 3203 multae,
621 3125 662 3188 ab
689 3124 748 3204 his,
772 3124 828 3209 qui
851 3146 958 3188 rerum
983 3123 1121 3209 ignaros,
1144 3137 1201 3188 aut
1231 3124 1428 3211 benignioris

473 3225 592 3310 ingenii
607 3224 749 3288 homines
772 3238 900 3304 vexant,
915 3248 1016 3309 quum
1037 3226 1100 3313 ipsi
1118 3225 1254 3313 inquieti
1276 3226 1428 3313 objurga-

473 3341 568 3402 tores,
584 3338 616 3391 et
636 3326 792 3413 pervicaci
811 3326 971 3391 instantiae
989 3328 1179 3406 insistentes,
1194 3342 1250 3393 aut
1274 3351 1316 3393 ex
1335 3332 1429 3413 igno·

472 3428 586 3506 rantis,
612 3440 669 3493 aut
697 3450 736 3491 ex
766 3426 973 3513 protervitate
1002 3430 1158 3510 laborent,
1183 3445 1240 3497 aut
1271 3430 1426 3497 aviditate

471 3529 728 3618 conproliciendi.
780 3533 871 3615 Ergo
906 3531 987 3597 sicut
1023 3533 1163 3618 cognitio
1200 3534 1424 3599 certitudinem

471 3634 600 3721 quaerit,
615 3634 660 3699 sic
680 3636 947 3712 demonstrativa,
967 3650 999 3701 et
1020 3641 1170 3718 relation,
1189 3659 1264 3724 quae
1284 3650 1341 3701 aut
1363 3638 1427 3723 pri·

469 3758 566 3812 mam,
576 3748 632 3801 aut
642 3735 772 3801 alteram
784 3736 907 3802 faciunt
917 3739 1141 3823 cognitionem,
1151 3753 1239 3804 certo
1250 3750 1282 3804 et
1293 3739 1427 3805 delinito

469 3837 651 3904 innituntur
666 3837 820 3925 subjecto,
832 3852 865 3904 et
880 3840 974 3918 illud,
988 3839 1014 3904 si
1029 3842 1158 3928 proprie
1172 3840 1294 3905 fuerint
1308 3843 1425 3927 posita,

468 3940 574 4005 animo
596 3942 799 4029 singulariter
820 3942 1006 4009 ostendunt.
1052 3943 1116 4007 Sed
1140 3956 1220 4021 esto,
1244 3957 1281 4010 ut
1301 3952 1424 4010 stolum

467 4048 610 4131 aliquem
625 4045 817 4129 generalem,
833 4044 1027 4132 appellativa
1046 4045 1225 4131 significent
1242 4046 1422 4127 (nonenim

465 4146 721 4213 contentionibus
733 4140 884 4223 delector,
898 4149 955 4230 qui
972 4170 1021 4211 me
1032 4148 1065 4211 in
1079 4148 1139 4226 bis,
1151 4172 1226 4236 quae
1238 4162 1313 4213 sunt
1325 4148 1423 4214 dubi·

465 4247 575 4313 tabilia
601 4247 748 4336 sapienti,
771 4246 987 4312 academicum
1013 4273 1081 4313 esse
1106 4251 1230 4337 pridem
1258 4251 1425 4336 professus

464 4352 561 4430 sum,)
581 4364 685 4416 status
699 4349 753 4415 ille
769 4348 847 4434 quid
863 4346 916 4428 sit,
931 4349 964 4413 in
980 4374 1047 4438 quo
1063 4351 1191 4442 singula
1207 4353 1378 4431 uniuntur,
1389 4366 1423 4418 et

464 4450 544 4516 nihil
552 4450 750 4536 singulorum
761 4465 819 4528 est,
828 4451 886 4519 etsi
896 4452 1005 4541 aliquo
1016 4454 1276 4521 modosomniare
1284 4455 1419 4543 possim3
