3625 5317
477 773 540 832 ³68
736 785 875 831 rouurus
891 782 1164 831 saussaamausrs

478 939 600 1003 sdtioni
614 933 830 1020 suscribentes,
854 937 940 1022 quod
964 940 1061 1001 vitam
1088 937 1221 1002 duceret
1246 941 1425 1004 arctiorem.

479 1041 590 1104 Zelnm
622 1040 757 1123 justitiae
793 1039 1012 1104 crudelitatem
1046 1041 1299 1105 mentiebantur:
1337 1043 1426 1126 quod

478 1142 622 1206 ecclesiae
637 1142 828 1224 procurabat
849 1141 1015 1220 utilitates,
1028 1142 1166 1206 arentia
1188 1142 1425 1207 attribuebant:

477 1251 697 1324 contemptum
727 1239 882 1303 mundani
911 1241 1027 1303 sororis
1054 1239 1206 1303 dicebant
1233 1262 1304 1304 esse
1330 1264 1426 1306 verra·

476 1345 597 1406 tionem
635 1341 762 1423 gloriae:
801 1341 930 1404 curialis
968 1340 1207 1422 magnificentia
1243 1342 1426 1423 fingebatur

477 1446 588 1508 elatio:
627 1441 714 1527 quod
744 1442 895 1505 dir-initus
917 1440 1063 1504 edoctam
1089 1442 1283 1504 voluntatem
1313 1465 1427 1528 seque·

479 1549 571 1610 batur
591 1545 624 1607 in
647 1541 804 1626 plurimis,
823 1553 900 1603 nota
921 1541 1082 1624 supercilii
1104 1541 1306 1606 inurebaturr
1336 1543 1425 1626 quod

476 1662 712 1712 antecessorum
732 1655 832 1707 metas
847 1644 879 1705 iu
895 1641 1015 1706 tuendo
1030 1643 1103 1726 jure
1119 1665 1205 1726 saepe
1221 1642 1348 1708 ridetur
1368 1667 1425 1708 ex·

476 1748 600 1825 cedere,
634 1746 818 1810 temeritatis
853 1745 1086 1809 arbitrabantur
1118 1745 1281 1808 iudicium.
1333 1746 1426 1809 Nihil

470 1850 539 1934 jam
562 1850 603 1912 ab
625 1869 664 1911 eo
686 1847 735 1910 rel
759 1847 823 1910 dici
846 1847 897 1910 rel
918 1845 988 1909 fieri
1008 1855 1142 1930 poterat,
1161 1846 1249 1930 quod
1271 1867 1336 1908 non
1359 1868 1428 1910 ma·

473 1951 548 2014 licia
568 1949 743 2013 infelicium
764 1948 930 2012 bominum
953 1948 1157 2031 depravaret3
1182 1947 1262 2010 adeo
1285 1947 1428 2031 quidem,

476 2061 512 2113 ut
525 2051 591 2132 regi
613 2048 849 2134 persuaderent,
865 2048 965 2131 quod,
981 2049 1008 2110 si
1026 2047 1260 2131 archiepiscopi
1282 2060 1428 2131 potestas

476 2150 674 2235 procederet,
703 2150 788 2232 regia
817 2149 955 2231 dignitas
986 2159 1071 2212 esset
1097 2148 1310 2232 proculdubio
1342 2151 1427 2234 peri·

477 2267 566 2330 urra3
596 2263 628 2316 ct
653 2253 714 2315 nisi
737 2253 799 2316 sibi
825 2267 857 2316 et
877 2251 1058 2315 haeredibus
1084 2253 1150 2314 suia
1171 2252 1426 2335 prospiceretis

477 2355 607 2418 demum
632 2354 757 2416 futurus
782 2364 865 2416 esset
889 2374 959 2429 rex,
983 2375 1076 2436 quem
1102 2353 1205 2416 clerus
1230 2353 1372 2434 eligeret,
1395 2365 1427 2416 et

476 2454 629 2537 quamdiu
644 2455 784 2537 placeret
798 2454 1051 2536 archiepiscopo,
1066 2464 1261 2535 reputaturus.

519 2553 793 2618 conuenientibus
815 2565 920 2616 autem
940 2557 1100 2638 episcopis
1120 2565 1152 2618 et
1173 2556 1368 2639 proceribus,
1385 2579 1427 2621 ex

475 2654 626 2721 mandato
642 2653 785 2737 regiaad
800 2653 1120 2738 expediendasregni
1130 2658 1346 2734 necessitates,
1357 2674 1426 2723 orta

476 2758 555 2821 sorte
571 2757 734 2820 contentio
749 2767 798 2819 est
811 2756 892 2819 inter
905 2777 1011 2836 regem
1025 2769 1059 2820 et
1071 2759 1251 2835 ecclesiam,
1266 2779 1337 2842 quar
1352 2782 1425 2843 pro·

475 2869 577 2922 tracta
592 2857 721 2934 diutius,
736 2857 907 2938 instigante
922 2857 1062 2935 diabolo,
1077 2861 1179 2940 magis
1198 2880 1236 2924 ac
1251 2863 1355 2942 magis
1368 2884 1424 2925 au·

475 2961 607 3041 gebatur
621 2959 653 3022 in
670 2956 749 3020 dies.
787 2957 832 3021 Et
848 2959 923 3042 quia
937 2960 1082 3041 episcopi
1094 2981 1167 3023 cnm
1182 2962 1425 3046 archiepiscopo

476 3081 535 3123 suo
550 3059 741 3122 unanimiter
762 3079 873 3121 omues
887 3059 921 3122 in
939 3080 978 3122 eo
992 3070 1081 3122 erant
1102 3062 1278 3144 proposito,
1301 3076 1338 3127 ut
1358 3064 1424 3146 regi

473 3159 507 3223 in
530 3161 580 3223 bis
602 3181 674 3244 qnae
696 3159 757 3222 Dei
782 3171 856 3222 sunt
877 3159 1081 3223 devotissime
1106 3174 1263 3245 parerent,
1284 3185 1345 3228 nec
1367 3167 1427 3228 uli·

475 3281 569 3344 quam
593 3261 734 3322 facerent
758 3261 1001 3342 promissionem
1025 3274 1081 3326 aut
1102 3264 1327 3346 obligationem
1350 3288 1426 3332 curn

475 3383 514 3424 eo
540 3361 665 3436 inirent,
686 3360 749 3422 nisi
776 3363 927 3445 quatinus
950 3375 1084 3447 possent
1108 3367 1197 3429 saluo
1222 3367 1332 3431 ordine
1356 3390 1427 3446 sno,

474 3461 668 3527 multimodis
688 3473 892 3546 procuratum
914 3480 963 3528 est
984 3475 1019 3528 ut
1039 3466 1131 3530 initia
1152 3469 1298 3533 ecclesiae
1320 3472 1427 3535 unitas

474 3565 684 3638 scinderetur,
713 3585 772 3648 per
804 3565 961 3649 quosdam
995 3568 1165 3650 pontifices
1199 3572 1254 3654 qui
1283 3572 1359 3635 fidei
1393 3581 1427 3636 et

472 3665 638 3746 religionis
660 3666 817 3730 columnae
840 3667 1037 3745 ridebantur,
1058 3680 1094 3732 ut
1115 3682 1171 3734 aut
1195 3693 1270 3735 cum
1292 3671 1331 3735 iis
1354 3695 1425 3757 per·

473 3775 645 3828 verteretur
665 3765 937 3849 archiepiscopus,
959 3780 1024 3844 aut,
1046 3769 1074 3832 si
1093 3772 1181 3833 solus
1202 3782 1308 3850 staret,
1330 3773 1426 3838 facile

473 3877 695 3930 contereretur.
741 3869 933 3932 Nitebamur
952 3872 1079 3953 plurimi
1099 3875 1307 3958 supplantare
1322 3876 1426 3939 cirum

473 3968 554 4033 Dei:
583 3968 639 4032 sed
662 3970 770 4032 hostes
792 3969 962 4036 familiares
984 3974 1252 4056 perniciosissime
1274 3998 1427 4061 perurge·

471 4073 560 4135 bant.
605 4073 733 4136 Recolit
756 4073 802 4134 vir
820 4073 949 4147 invictae
972 4077 1168 4154 constantiae,
1188 4080 1350 4142 hominem
1373 4082 1429 4144 cui

473 4173 564 4236 Deus
579 4175 698 4238 assistit
709 4196 773 4238 non
790 4195 859 4236 esse
875 4177 990 4253 solum,
1004 4190 1038 4240 et
1052 4200 1091 4240 eo
1106 4178 1279 4262 inspirante
1294 4201 1427 4246 securus

469 4275 617 4338 ascendit
631 4297 671 4340 ax
682 4276 813 4340 adverso
829 4297 997 4359 opponens
1012 4299 1046 4342 sa
1057 4301 1181 4344 murum
1197 4281 1427 4346 solidissimum

471 4393 530 4454 pro
553 4371 649 4435 domo
677 4375 786 4453 Israel,
810 4374 947 4456 quince
972 4377 1066 4439 minis
1093 4379 1193 4459 frangi
1219 4393 1344 4464 poterat
1365 4403 1427 4445 noc
