3625 5317
465 762 527 821 160
725 770 861 817 sossius
877 767 1154 814 ssassaamsusts
1270 749 1352 831 [um
1370 768 1411 811 ur.

464 938 521 991 aut
536 924 676 989 infinita:
701 919 781 1006 quid
798 921 962 999 terminus,
977 918 1170 1005 praedicatus
1184 917 1343 998 videlicet,
1357 932 1413 981 aut

466 1026 643 1111 subjectus;
657 1022 736 1110 quid
743 1020 1399 1108 syllogismusperfcctus‚autimperfectus
1405 1045 1414 1096 ;

466 1125 544 1212 quid
560 1125 592 1189 in
608 1137 676 1190 toto
690 1146 768 1205 esse,
788 1136 846 1187 aut
862 1145 923 1187 non
939 1144 1017 1202 esse,
1031 1143 1112 1207 quas
1126 1120 1358 1207 propositiones
1372 1119 1413 1183 ad

467 1249 559 1291 usum
583 1226 794 1313 syllogizandi
816 1224 958 1289 converti
980 1223 1155 1308 contingat,
1174 1236 1205 1287 et
1230 1246 1310 1309 quas
1330 1244 1412 1286 uon:

465 1328 584 1414 quidve
595 1328 737 1392 obtineat
748 1327 780 1391 in
797 1324 855 1405 his,
867 1347 941 1411 quae
951 1323 1172 1389 modernorum
1191 1346 1251 1388 usu
1262 1324 1415 1388 dicuntur

465 1450 533 1491 esse
547 1427 587 1491 dc
602 1427 740 1491 naturali
756 1427 898 1502 materia,
914 1440 971 1489 aut
986 1424 1194 1509 contingenti,
1210 1438 1268 1491 aut
1283 1439 1414 1489 remota.

468 1530 594 1609 Quibus
604 1530 786 1615 prmmissis,
800 1530 897 1592 trium
906 1528 1082 1612 figurarum
1095 1527 1256 1591 subnectit
1267 1527 1414 1601 rationes,

466 1645 500 1697 et
511 1646 576 1697 tam
582 1632 821 1697 extremitatum
831 1652 927 1717 quam
938 1628 1033 1692 medii
1045 1626 1229 1692 definitione
1241 1629 1415 1713 praemissa,

467 1747 559 1819 quot,
573 1746 606 1797 et
621 1732 678 1817 qui
694 1732 826 1797 modiin
845 1727 979 1815 singulis
997 1730 1121 1814 figuris,
1141 1752 1183 1793 ex
1197 1729 1416 1816 complexione

467 1837 706 1901 extremitatum
719 1833 917 1921 proveniant,
926 1832 1018 1895 docet
1025 1856 1034 1909 ;
1049 1832 1125 1896 data
1138 1830 1267 1917 quidem
1277 1844 1417 1895 semente

468 1937 599 2003 rationis
620 1957 742 2011 eorum,
763 1958 854 2021 quos,
876 1936 960 1998 sicut
983 1933 1141 1998 Boethius
1166 1934 1287 2009 asserit,
1309 1933 1417 1996 Theo·

470 2038 620 2124 pbr-astus
648 2046 680 2099 et
702 2035 883 2099 Eudemius
910 2034 1114 2100 addiderunt.
1160 2032 1286 2097 Deinde
1307 2034 1420 2099 habita

469 2136 642 2201 modalium
665 2136 797 2211 ratione,
819 2136 933 2200 transit
953 2135 995 2200 ad
1017 2134 1256 2201 commixtiones
1278 2158 1352 2221 quae
1377 2134 1416 2199 de

469 2236 643 2301 necessario
659 2250 744 2317 sunt,
758 2250 815 2300 aut
829 2237 1038 2321 contingenti,
1050 2259 1123 2301 cum
1138 2237 1189 2300 bis
1204 2259 1277 2323 quse
1288 2250 1364 2302 sunt
1378 2238 1418 2301 de

470 2338 580 2413 inesse,
604 2350 641 2403 ut
664 2338 742 2424 quid
765 2361 804 2402 cx
832 2337 881 2405 bis
903 2343 935 2405 in
957 2339 1091 2425 singulis
1112 2340 1224 2425 liguris
1245 2340 1420 2425 proveniat,

469 2438 666 2503 ostendatur.
732 2441 799 2504 Nec
835 2450 940 2504 tamen
977 2440 1050 2504 dico
1077 2442 1181 2526 ipsum
1218 2440 1418 2505 Aristotelem

470 2539 599 2620 alicubi,
614 2539 700 2627 quod
716 2540 858 2627 legerim,
873 2541 933 2605 uisi
952 2542 1036 2606 forte
1050 2539 1137 2627 quod
1152 2540 1192 2604 ad
1210 2542 1419 2627 propositum,

470 2642 512 2707 de
533 2643 712 2708 modalibus
733 2642 923 2710 sufficienter
947 2643 1066 2728 egisse:
1089 2642 1144 2707 sed
1166 2641 1358 2726 procedendi
1379 2644 1420 2707 de

470 2746 620 2812 omnibus
632 2745 844 2810 fidelissimam
856 2744 1018 2808 scientiam
1029 2742 1173 2808 tradidit.
1211 2745 1419 2829 Expositos-es

469 2846 972 2935 vcrodivinaepagina,rationem
980 2843 1147 2908 modorum
1157 2846 1418 2930 pernecessariam

470 2970 537 3011 esse
558 2947 687 3013 dicunt:
711 2961 744 3011 et
766 2946 896 3011 modum
919 2947 987 3009 sive
1009 2968 1190 3031 expressus,
1213 2945 1279 3009 sive
1301 2946 1417 3011 tacitus

471 3048 523 3127 sit,
536 3047 710 3134 plurimum
726 3046 967 3111 attendendum.
1011 3048 1096 3109 Nam
1111 3046 1143 3109 in
1154 3049 1224 3122 bac,
1239 3067 1337 3129 quam
1351 3068 1421 3129 per·

460 3150 574 3234 fecisti
589 3151 831 3223 destmnerunt,
846 3146 960 3211 modus
982 3146 1171 3226 subticetur,
1185 3161 1217 3210 et
1231 3146 1421 3231 intelligitur

472 3245 614 3331 perinde,
628 3267 665 3309 ac
679 3246 705 3308 si
720 3243 835 3308 modus
850 3244 914 3321 hic,
929 3247 1091 3310 voluntate
1107 3246 1238 3323 scilicet,
1249 3268 1422 3333 apponere-

474 3358 538 3409 tur.
583 3348 630 3409 Ut
645 3356 677 3408 et
699 3342 756 3423 ibi,
779 3346 943 3408 Teucrum
961 3368 1018 3428 ape
1031 3349 1163 3412 devorat
1181 3370 1315 3430 agnum.
1361 3350 1422 3412 Est

473 3447 556 3510 enim
572 3445 697 3525 modus,
717 3459 754 3511 ut
774 3446 875 3525 aiunt,
891 3447 983 3531 quasi
1001 3448 1132 3533 quidam
1156 3450 1280 3539 medius
1295 3449 1424 3514 habitus

473 3548 691 3614 terminorum.
736 3550 781 3613 Et
797 3547 939 3634 prolecto
963 3548 1035 3614 licet
1049 3549 1159 3614 nullus
1178 3550 1289 3615 modos
1302 3573 1423 3627 omncs,

473 3649 559 3715 unde
570 3649 709 3714 modales
719 3650 883 3727 dicuutur,
893 3650 1078 3736 singulatim
1086 3652 1425 3727 enumeraresufficiat,

474 3751 560 3835 quod
574 3751 703 3836 quidem
716 3774 833 3816 uecors
845 3752 958 3837 exigit,
971 3766 1076 3817 tamen
1088 3753 1233 3838 magistri
1245 3752 1426 3818 scholarum

474 3848 548 3913 inde
559 3849 810 3915 commodissime
819 3850 997 3937 disputant,
1008 3868 1053 3930 et,
1066 3866 1102 3917 ut
1116 3874 1193 3937 pecs
1208 3845 1435 3917 multitudinis*

475 3951 598 4037 loquar,
624 3950 792 4015 Aristotele
818 3952 888 4039 ipso
914 3952 1112 4017 commodius
1133 3955 1257 4039 opinor.
1303 3954 1427 4039 Utique

477 4052 563 4139 quod
587 4052 653 4114 sive
674 4051 716 4115 ob
739 4075 848 4137 verum
866 4052 1009 4133 modum,
1032 4054 1096 4118 sive
1110 4055 1154 4119 ob
1171 4053 1269 4118 solam
1291 4054 1427 4117 formam

475 4154 623 4219 dicantur
633 4151 782 4229 modales,
794 4175 915 4232 earum,
929 4154 1016 4239 apud
1028 4154 1184 4239 plurimos
1195 4155 1428 4240 scripturarum

477 4255 572 4333 locos,
587 4252 758 4319 necessaria
778 4265 825 4317 est
848 4253 997 4338 cognitio.
1042 4254 1204 4320 Ceterum
1220 4254 1254 4319 in
1277 4255 1327 4319 his
1347 4277 1430 4342 prae·

477 4354 602 4439 cipuam
632 4354 770 4419 arbitror
798 4375 864 4417 esse
895 4373 971 4417 usus
1008 4356 1243 4438 auctoritatem,
1277 4357 1333 4440 qui
1367 4378 1430 4420 ser·
