3625 5317
425 812 495 857 cae.
510 788 579 875 xv.]
766 808 1009 856 narmomcus.
1209 798 1215 808 '
1315 796 1374 857 trs

424 976 472 1028 est
488 960 671 1047 philologia,
684 959 765 1025 sicut
785 959 997 1046 philosophia,
1013 980 1126 1024 nomen
1143 971 1374 1045 temperatum:

425 1066 503 1151 qnia
518 1064 600 1129 sicut
615 1076 777 1149 appetere,
792 1084 888 1149 quam
902 1062 1029 1137 habere,
1039 1061 1236 1146 sapientiam,
1249 1061 1378 1127 facilius

423 1181 482 1245 est,
494 1164 653 1231 sicumare
664 1163 914 1252 quidem‚quam
924 1185 1070 1227 exercere
1081 1164 1244 1230 rationem.
1276 1164 1377 1228 Ratio

423 1271 518 1347 enirn,
533 1268 568 1333 id
583 1282 630 1333 est
643 1272 769 1333 sincera
778 1268 1089 1351 judiciifirmr'tudo,
1104 1289 1278 1355 paucorum
1294 1281 1354 1335 est.

425 1541 505 1629 Cap.
531 1547 579 1607 15.
607 1542 692 1607 Item
716 1542 794 1625 qaid
814 1542 925 1618 Ratio,
947 1551 979 1606 et
1000 1542 1085 1625 quod
1108 1545 1220 1605 noman
1241 1544 1378 1607 rationis

503 1644 676 1728 multiplea
689 1652 757 1709 ast:
779 1652 811 1708 at
826 1648 913 1727 qaod
926 1647 1068 1710 rationes
1081 1646 1289 1726 sempiterna.

468 1782 587 1842 Arnisa
609 1776 722 1864 itaque
744 1775 871 1862 pulsata
886 1777 1045 1852 sensibus,
1060 1788 1093 1840 ct
1107 1775 1289 1863 prudentiae
1303 1776 1378 1842 soli·

424 1878 567 1943 citudinc
582 1877 719 1943 validius
729 1898 894 1957 concussa,
907 1879 1043 1965 seipsam
1053 1877 1377 1965 exerit,collectisquc

424 1980 457 2044 in
474 2001 573 2044 unum
589 1978 723 2057 viribus,
739 1979 829 2044 dolos
844 1993 1049 2058 sensuunr,et
1059 1977 1377 2067 opinionum,studet

423 2079 577 2146 intentius
585 2079 753 2146 declinare.
799 2083 865 2147 Sua
880 2104 955 2146 vero
963 2082 1150 2161 intentione,
1162 2081 1379 2169 perspicacius

424 2182 523 2262 videt,
538 2181 660 2248 firmius
675 2194 774 2262 tenet,
788 2194 821 2249 et
840 2184 994 2249 sincerius
1003 2184 1140 2270 judicat.
1184 2188 1230 2251 Et
1243 2185 1314 2250 brec
1328 2197 1377 2251 est

424 2286 485 2363 vis,
500 2308 572 2371 quae
586 2285 669 2352 ratio
684 2286 884 2353 nominatur:
910 2287 1067 2372 siquidem
1079 2286 1162 2353 ratio
1175 2304 1223 2353 est
1234 2285 1378 2374 potentia

425 2387 601 2474 spiritualis
626 2400 760 2465 naturae,
787 2387 956 2455 discretiva
980 2412 1087 2456 rerum
1109 2389 1322 2477 corporalium
1344 2401 1378 2452 et

423 2490 682 2577 incorporalium,
704 2514 779 2578 quoe
802 2514 852 2557 res
874 2494 999 2580 appetit
1020 2492 1113 2557 firmo
1131 2507 1165 2558 ct
1179 2493 1301 2559 sincero
1322 2512 1378 2555 ex-

425 2592 565 2657 aminare
596 2592 729 2679 judicio.
790 2594 904 2681 Ipsum
937 2618 1066 2682 quoque
1096 2594 1256 2681 judicium
1295 2593 1378 2680 ejus,

426 2708 572 2759 censetur
594 2695 719 2761 nomine
735 2694 876 2761 rationis.
922 2696 988 2761 Sed
1002 2710 1036 2761 et
1049 2696 1105 2761 illa
1118 2708 1287 2760 censentur
1300 2693 1379 2758 rati-

426 2818 513 2877 ones,
527 2796 568 2861 de
582 2796 702 2884 quibus
715 2796 781 2861 sola
796 2798 878 2861 ratio
888 2797 1026 2883 judicat,
1036 2811 1068 2861 et
1079 2818 1219 2882 quorum
1233 2794 1379 2875 essentia,

426 2921 446 2961 a
474 2898 670 2963 sensibilium
697 2895 972 2984 singulariumque
998 2910 1115 2961 natura
1136 2894 1298 2981 disjuncta
1320 2912 1377 2960 est·

427 3000 498 3065 Has
520 3001 618 3067 Pater
632 2999 846 3085 Augustinus,
867 3012 899 3063 et
912 2998 1007 3064 multi
1022 2997 1087 3073 alii,
1101 3008 1246 3062 asserunt
1260 2995 1377 3081 sempi-

427 3116 542 3169 ternas.
589 3102 672 3166 Haec
684 3115 792 3166 autem
809 3114 896 3178 sunt,
907 3101 941 3165 in
957 3100 1076 3188 quibus
1089 3100 1132 3166 ab
1146 3098 1250 3169 initio.
1265 3112 1297 3162 et
1312 3096 1379 3161 sine

425 3206 529 3283 initio,
545 3215 673 3271 aeternoe
688 3203 927 3269 constitutionis
942 3203 1117 3282 decretum,
1136 3215 1169 3267 et
1184 3225 1251 3267 suoe
1273 3199 1380 3285 dispo·

426 3308 548 3373 sitionis
563 3307 673 3371 scriem
696 3306 802 3371 sanxit
814 3306 896 3372 ratio
911 3306 1084 3393 primitiva,
1099 3328 1197 3392 quam
1212 3303 1239 3369 si
1253 3304 1382 3381 dixero,

426 3410 635 3491 Sapientiam
650 3408 725 3488 Dei,
736 3406 848 3494 utique
858 3429 923 3473 non
935 3408 1057 3475 errabo.
1102 3406 1233 3474 Infinita
1246 3405 1378 3492 quidem

424 3508 619 3593 hujusmodi,
635 3508 686 3573 vel
702 3512 733 3574 in
748 3507 825 3595 ipsis
836 3510 930 3590 veris,
944 3509 1049 3597 palam
1064 3521 1114 3575 est
1128 3509 1287 3573 invenire:
1304 3530 1378 3575 uam

426 3610 534 3675 Deam
549 3632 615 3676 assa
625 3612 744 3692 Daum,
759 3621 790 3676 at
805 3615 940 3677 Patrem
953 3613 1254 3691 intermarana
1270 3613 1378 3693 Spiri-

426 3722 497 3778 tum
509 3720 657 3778 sanctum
672 3716 804 3796 utrique
816 3715 1117 3780 consubstantialem
1138 3734 1212 3789 assa,
1233 3711 1380 3777 nonnihil

426 3814 541 3900 utique
562 3828 639 3880 sunt
660 3814 731 3881 haec
752 3814 975 3892 enuncbbilia,
996 3817 1053 3880 sed
1081 3815 1124 3879 ab
1142 3828 1265 3880 aeterno
1293 3836 1379 3894 vera,

426 3927 460 3979 et
474 3913 583 3981 divino
595 3916 688 3980 firma
705 3915 840 4001 judicio,
856 3932 888 3983 et
908 3940 971 3981 non
993 3916 1089 3982 modo
1102 3916 1136 3981 in
1157 3918 1253 3995 veris,
1274 3916 1381 3985 sedin

429 4017 509 4095 aliis,
519 4018 579 4083 hoc
591 4020 695 4105 ipsum
712 4018 831 4105 liquet:
849 4044 948 4107 quum
963 4022 1044 4087 ratio
1054 4020 1191 4087 duorum
1207 4022 1249 4086 ad
1265 4020 1337 4101 tria,
1347 4034 1381 4084 et

427 4118 502 4184 item
513 4122 613 4186 trium
625 4121 666 4186 ad
674 4121 752 4199 duo,
762 4135 792 4187 et
806 4122 837 4187 in
847 4122 935 4187 hunc
945 4123 1074 4188 modum
1087 4122 1237 4210 plurima,
1248 4136 1381 4187 auctore

427 4222 626 4308 Augustino,
645 4222 837 4309 sempiterna
858 4240 944 4290 sunt.
989 4225 1085 4303 Quod
1106 4226 1133 4289 si
1156 4224 1208 4289 cui
1232 4221 1380 4287 rideatur

426 4322 614 4403 absurdum,
630 4324 748 4391 librum
769 4327 838 4411 ejus
853 4326 893 4392 de
911 4326 1011 4394 libero
1027 4326 1159 4392 arbitrio
1174 4325 1271 4409 legat,
1287 4325 1380 4393 etita

427 4446 493 4489 esse
508 4427 676 4493 constabit.
