3625 5317
489 783 553 841 ets
751 798 887 843 missis
902 798 1177 843 stnnsastunssis
1270 780 1380 860 [sacr.
1399 798 1437 843 m.

492 948 530 1011 lit
543 954 627 1017 enim
643 949 693 1013 vel
708 964 796 1013 metu
812 949 941 1024 servitii,
957 949 1008 1012 vel
1027 972 1084 1035 spe
1105 950 1241 1035 praemii,
1256 964 1313 1013 aut
1335 972 1440 1013 amore

491 1050 560 1127 filii,
569 1066 626 1117 aut
638 1051 753 1114 affectu
763 1050 921 1135 conjugii3
939 1051 1046 1136 prima
1055 1052 1229 1137 fugitivum
1241 1051 1367 1115 reducit
1378 1072 1439 1113 ser·

491 1176 588 1227 vum;
619 1151 758 1217 secunda
780 1156 812 1215 in
835 1153 929 1215 vinea
951 1153 1146 1217 laborantem
1170 1153 1261 1238 angit
1284 1174 1441 1215 mercena·

490 1254 594 1333 rium,
624 1256 720 1320 tertia
733 1254 835 1318 lilium
850 1255 987 1338 castigat
1001 1269 1036 1318 ct
1058 1255 1184 1320 erudit:
1215 1269 1332 1340 quarta
1347 1275 1439 1339 spon-

491 1380 556 1421 sam
587 1380 703 1444 sponso
730 1356 871 1442 copulat,
896 1370 929 1420 et
959 1355 1076 1421 lectulo
1103 1357 1223 1421 inserit.
1269 1354 1440 1439 inspiratio

491 1482 622 1545 quoqne
640 1462 677 1523 lit
697 1458 808 1522 aterni
830 1458 943 1522 timore
964 1457 1126 1545 supplicii,
1139 1458 1251 1523 dolore
1272 1453 1440 1542 proesentis

489 1560 588 1637 exilii,
597 1562 713 1625 affeetu
724 1560 874 1625 fraterna
882 1560 1119 1647 compassionis,
1127 1560 1279 1623 instinctu
1291 1580 1437 1644 superna

489 1661 677 1729 devotionis.
713 1664 761 1727 Hi
777 1675 851 1725 sunt
866 1679 1006 1747 quatuor
1019 1662 1104 1726 venti
1116 1662 1187 1726 coeli
1202 1684 1222 1725 a
1236 1661 1356 1747 quibus
1366 1682 1438 1723 otm-

488 1780 664 1851 gregsntur
679 1765 770 1829 electi
787 1764 857 1830 Dei.
898 1766 1026 1830 Primus
1039 1764 1254 1838 occidentalis,
1269 1762 1309 1826 de
1323 1784 1436 1827 occasu

487 1868 662 1932 vicinorum
688 1868 796 1932 educit
822 1868 1031 1952 poenitentes;
1065 1866 1224 1931 secundus
1248 1863 1437 1953 aquilonalis

488 1969 529 2032 de
543 1970 662 2055 frigore
677 1968 807 2033 malitire
818 1970 961 2035 membra
973 1968 1213 2045 mortificantia,
1235 1971 1353 2032 tertius
1366 1990 1436 2030 aus

488 2071 588 2151 tralis,
598 2096 619 2136 a
632 2072 734 2136 calore
745 2074 884 2157 justitiae
899 2072 1014 2158 spiritu
1028 2071 1203 2147 ferventem
1225 2084 1364 2155 quartus
1376 2068 1435 2131 ori-

487 2172 611 2249 entalis,
630 2186 773 2239 amantes
795 2174 936 2259 puritate
958 2187 1120 2258 tamquam
1143 2171 1185 2235 ab
1206 2170 1351 2235 orientali
1374 2171 1435 2234 cla·

486 2274 580 2337 ritate
602 2279 709 2339 lumen
731 2274 895 2360 sapientire
910 2298 970 2361 per
988 2273 1152 2360 speculum
1174 2272 1436 2359 contemplantes.

486 2378 525 2437 lo
551 2376 609 2437 ltac
630 2374 731 2459 igitur
751 2380 1021 2462 contemplatione
1040 2374 1180 2459 cognitio
1208 2372 1269 2439 Dei
1290 2375 1433 2461 quinque

486 2475 587 2539 modis
609 2488 754 2553 constat;
782 2500 821 2541 ex
848 2493 997 2541 creatura
1022 2476 1145 2553 mundi,
1168 2498 1210 2541 cx
1235 2478 1360 2541 ratione
1386 2476 1432 2540 vel

485 2590 600 2642 natura
609 2579 716 2657 animi,
726 2602 765 2643 ex
777 2578 956 2662 cognitione
964 2578 1065 2643 divini
1076 2578 1206 2665 eloquii,
1215 2602 1255 2642 ex
1265 2578 1434 2642 radincon-

485 2679 710 2766 templationis,
720 2704 759 2745 ex
771 2682 891 2765 gaudio
902 2680 1093 2745 felicissimae
1104 2680 1243 2744 visionis.
1268 2682 1320 2743 De
1332 2682 1433 2766 primo

484 2780 604 2868 legitur
618 2784 651 2847 in
666 2784 821 2869 apostolo,
840 2784 949 2864 [Rom.
965 2783 988 2847 i.
1003 2786 1074 2861 20]
1096 2780 1273 2847 Invisibilia
1294 2782 1394 2868 ipsius
1414 2806 1432 2845 a

483 2900 628 2950 creatura
637 2886 748 2950 mundi
761 2908 818 2971 per
829 2906 949 2970 eaquae
960 2884 1130 2947 factasunt
1141 2883 1301 2949 intellecta
1310 2887 1432 2969 conspi-

483 2986 625 3053 ciuntur:
644 2984 1369 3074 sempiternaquoqnevirtusejusacdivinitas
1395 2989 1432 3051 ln

483 3090 623 3153 secundo
638 3090 731 3174 plane
745 3089 837 3153 docet
854 3088 947 3163 ratio,
961 3088 1004 3151 ab
1019 3110 1084 3151 uno
1098 3098 1213 3151 cuncta
1234 3088 1432 3151 descendisse

481 3190 646 3275 principio.
681 3194 730 3253 De
741 3190 844 3265 tertio,
854 3189 888 3254 id
897 3202 944 3253 est
954 3211 994 3252 ex
1004 3190 1184 3273 cognitione
1193 3188 1292 3253 divini
1302 3189 1433 3275 eloquii,

480 3303 653 3353 noscuntur
662 3288 833 3352 invisibilia
848 3290 925 3360 Dei;
945 3289 1073 3353 undein
1085 3290 1269 3369 Ezechiele3
1291 3291 1431 3375 Spiritus

479 3387 554 3454 vitae
568 3389 601 3452 in
617 3389 715 3467 rotis3
737 3402 768 3453 et
794 3390 949 3455 Dominus
970 3391 1002 3453 in
1025 3392 1215 3474 Evangelio,
1231 3394 1339 3457 Verba
1356 3415 1431 3478 quae

478 3514 538 3575 ego
559 3493 674 3577 loquor
694 3493 794 3567 vobis,
822 3490 954 3577 spiritus
976 3506 1007 3558 et
1029 3496 1096 3557 vita
1118 3496 1213 3557 sunt?
1256 3495 1334 3559 Tria
1354 3508 1429 3559 sunt

479 3596 539 3657 Dei
571 3594 740 3659 invisibilia
769 3594 924 3680 potentia,
955 3595 1121 3680 sapientia,
1150 3596 1286 3660 bonitas.
1347 3600 1429 3661 Haec

477 3696 640 3780 praecipue
665 3695 774 3761 divine
796 3697 913 3781 pagina
935 3696 1042 3773 docet,
1064 3696 1277 3772 commendat,
1303 3700 1427 3773 suadet,

476 3798 587 3880 quaeri,
603 3796 761 3881 amplecti,
777 3798 877 3882 diligi.
925 3802 975 3863 De
998 3811 1125 3883 quarto,
1145 3798 1180 3862 id
1202 3814 1262 3873 est,
1278 3821 1318 3861 cx
1339 3799 1427 3863 radio

475 3893 748 3977 contemplationis
775 3910 950 3962 noscuntur
976 3898 1147 3963 invisibilia
1174 3899 1292 3963 divium
1318 3922 1428 3985 specu-

476 3997 618 4069 lationis3
637 3996 721 4060 unde
735 3997 909 4081 apostolus,
923 3998 1075 4064 Videmus
1089 4022 1174 4063 nunc
1190 4023 1247 4083 per
1262 4001 1424 4086 speculum

474 4099 506 4161 in
517 4098 696 4183 aenigmate,
707 4112 898 4164 tuncautem
913 4100 1042 4163 iaciead
1053 4102 1176 4165 faciem.
1209 4101 1295 4165 Hinc
1307 4104 1427 4165 Manue

473 4202 505 4264 in
523 4199 604 4265 libro
614 4198 764 4265 Judicum
782 4199 822 4263 ad
836 4222 967 4263 uxorem
984 4201 1102 4266 dixisse
1117 4204 1232 4280 fertur,
1247 4204 1286 4285 [J
1290 4204 1345 4267 ud.
1359 4203 1424 4266 xiii.

473 4302 1091 4386 ⁶22]Moriemur,quiavidimusDeum.
1126 4304 1423 4380 Hinclmias‘Vidi

473 4405 646 4471 Dominum
658 4403 817 4468 sedentem
829 4426 925 4489 super
934 4404 1047 4467 solium
1058 4405 1176 4469 elatum
1184 4420 1216 4470 et
1225 4408 1427 4471 exaltatum?
