3625 5317
418 814 492 861 cae.
507 801 621 875 narra]
776 818 1019 866 uarauoorcus.
1324 809 1367 868 55

418 975 457 1029 ut
486 968 679 1055 quicumque
707 990 760 1035 eas
787 969 880 1056 plene
909 970 1027 1047 norint,
1054 970 1154 1037 libros
1183 992 1302 1049 omnes,
1333 985 1366 1039 et

417 1090 618 1155 quascunque
643 1071 761 1157 scripta
789 1086 875 1143 aunt,
903 1073 1026 1159 possint
1052 1072 1243 1158 intelligere,
1268 1074 1365 1139 etiam

414 1170 481 1235 aine
495 1170 633 1237 doctore.
679 1174 728 1237 Ut
750 1173 897 1239 enimait
918 1174 1146 1253 Quintilianus,
1161 1198 1228 1240 non
1250 1184 1366 1241 nocent

414 1274 464 1336 lto
498 1274 674 1357 disciplinae
704 1296 766 1360 per
793 1278 867 1340 illos
901 1277 1064 1358 euntibus,
1092 1276 1147 1342 sed
1177 1280 1261 1344 cirea
1295 1278 1367 1343 illas

415 1372 621 1441 hoereutibus.

412 1586 493 1672 Cap.
508 1592 561 1652 23.
597 1589 677 1663 Qua
701 1592 867 1673 precipuo
889 1592 1035 1655 suntad
1056 1596 1244 1657 marcilium
1262 1598 1366 1679 philo·

455 1690 581 1770 sophie,
596 1698 628 1752 et
641 1693 791 1755 virtutis:
821 1699 852 1755 et
866 1693 951 1774 qaod
959 1696 1175 1774 grammatica
1195 1703 1243 1761 eat
1256 1718 1366 1760 eorum

447 1787 719 1869 fundamentum.

458 1932 643 1997 Pamclrua
669 1946 775 1999 autem
802 1935 945 1999 suntad
972 1935 1071 2000 totius
1096 1935 1310 2021 philosophice
1335 1945 1368 1999 et

414 2030 541 2097 virtutis
576 2035 774 2115 exercitium,
803 2035 907 2113 lectio,
937 2036 1094 2115 doctrina,
1122 2034 1299 2117 meditatio,
1334 2048 1367 2102 et

413 2134 581 2199 assiduitas
592 2132 706 2222 operis.
739 2138 1130 2223 lectioreroscriptorum
1142 2139 1365 2225 prejacentem

415 2232 512 2299 habet
546 2237 727 2304 materiam:
763 2240 910 2304 doct-rina
945 2253 977 2304 et
1013 2240 1140 2326 scriptis
1174 2244 1366 2327 plerumque

415 2333 581 2415 incumbit,
606 2351 638 2402 et
664 2338 825 2402 interdum
848 2338 888 2402 ad
916 2361 979 2403 non
1006 2339 1125 2425 scripta
1148 2340 1366 2425 progreditur,

414 2460 488 2523 quae
503 2452 608 2504 tamen
625 2438 655 2503 in
671 2440 791 2504 arcanis
807 2439 967 2504 memoriae
983 2440 1144 2505 recondita
1158 2455 1243 2521 suat,
1254 2456 1315 2507 aut
1329 2448 1366 2509 ia

411 2546 584 2625 praesentia
614 2540 657 2605 rei
688 2541 897 2627 intelligentia
927 2544 1075 2607 eminent.
1121 2545 1170 2606 At
1199 2543 1365 2609 meditatio

414 2642 508 2705 etiarn
530 2641 571 2706 ad
591 2642 699 2727 ignota
721 2644 936 2729 protenditur,
951 2656 984 2709 et
1006 2642 1170 2731 usquead
1192 2643 1367 2731 incompre-

413 2740 578 2807 henaibilia
588 2768 672 2830 saepe
682 2745 816 2831 seipsam
825 2745 935 2829 erigit:
954 2756 1061 2809 ettam
1072 2744 1240 2810 manifesta
1247 2768 1367 2826 rerum,

414 2867 510 2930 quam
520 2844 638 2921 abdita,
646 2846 791 2909 rimatur.
810 2840 1368 2930 Q'uartum,operisseilicetaaaidur'-

416 2956 478 3023 loa,
501 2945 565 3010 ets'r
586 2970 604 3010 a
627 2946 851 3032 praeexistente
874 2945 1053 3029 cognitione
1078 2944 1246 3020 formetur,
1269 2944 1367 3009 scien·

414 3047 559 3133 tiamque
573 3046 743 3127 desideret,
758 3046 824 3111 vias
840 3062 945 3112 tamen
961 3059 1054 3133 parat
1068 3044 1304 3129 intelligentiae:
1331 3070 1369 3112 eo

414 3146 503 3231 quod
520 3146 698 3211 intellectus
718 3147 882 3212 bonusest
905 3146 1055 3211 omnibus
1069 3145 1260 3211 facientibus
1282 3170 1366 3213 eum.

413 3246 460 3311 Et
469 3268 629 3333 praeeousa
639 3246 780 3312 veritatis
792 3260 827 3313 ut
838 3244 992 3335 scripturn
1002 3260 1060 3323 est,
1070 3248 1368 3316 Annwndaueraal

413 3371 509 3435 opera
537 3351 614 3428 Dei,
644 3358 675 3415 et
691 3352 791 3435 fhcta
820 3352 891 3432 ejus
919 3352 1160 3414 intellexerant.
1205 3350 1366 3416 Craterum

413 3450 626 3539 operationem
649 3451 838 3537 cultumque
862 3450 1001 3527 virtutis,
1023 3449 1154 3514 seientia
1175 3450 1366 3517 naturaliter

414 3554 585 3640 praecedit:
611 3552 812 3637 nequeenim
835 3551 937 3616 virtus
956 3554 1055 3615 currit
1075 3550 1108 3613 iu
1123 3551 1291 3628 incertum,
1308 3566 1366 3618 aut

413 3659 446 3721 in
462 3678 581 3743 pugna,
597 3678 694 3741 quarn
715 3668 840 3719 exercet
862 3677 937 3718 cum
961 3654 1056 3729 vitiis,
1079 3674 1183 3716 aerem
1207 3654 1365 3733 verberat,

413 3761 468 3823 aed
486 3760 572 3823 videt
585 3780 648 3841 quo
669 3759 782 3831 tendit,
798 3764 829 3820 et
843 3760 881 3821 in
902 3756 986 3839 quod
999 3754 1111 3836 dirigit
1132 3776 1265 3821 aream:
1295 3756 1367 3823 Nee

410 3863 531 3947 passim
551 3880 655 3921 coruos
674 3860 821 3939 sequitur
843 3863 986 3939 lentoque
1007 3858 1145 3937 lutoque.
1191 3857 1239 3920 At
1262 3856 1366 3940 lectio,

413 3960 568 4036 doctrina,
583 3972 613 4023 et
630 3958 804 4037 meditatio,
821 3957 982 4022 scientiam
999 3956 1139 4042 pariunt.
1180 3956 1277 4022 Unde
1292 3982 1366 4023 cou-

412 4074 476 4127 stat
500 4063 585 4148 quod
611 4060 838 4137 Grammatico,
862 4084 936 4147 quas
958 4060 1092 4123 istorum
1118 4057 1363 4126 fundamentum

413 4180 461 4231 est
485 4178 516 4229 et
541 4164 645 4241 radix,
665 4162 901 4251 quodammodo
928 4174 1097 4226 sementem
1119 4159 1198 4244 jacit
1220 4162 1310 4246 quasi
1330 4164 1362 4226 in

411 4266 507 4333 sulcia
533 4278 667 4342 naturae,
693 4266 797 4351 gratia
823 4278 928 4330 tamen
955 4275 1136 4350 praeeunte:
1171 4282 1254 4346 quse,
1281 4262 1307 4325 si
1333 4265 1362 4326 ei

410 4369 610 4456 cooperatrix
630 4389 760 4455 quoque
781 4366 885 4451 gratia
900 4363 1039 4442 affuerit,
1054 4364 1085 4425 in
1106 4361 1215 4426 solidas
1235 4361 1363 4430 virtutis
