3625 5317
750 798 975 847 nnrenrrcus.
1280 790 1345 849 tot

413 954 507 1029 Quod
516 952 753 1035 mandentium
765 961 865 1035 putat
878 972 945 1017 esee
958 972 1091 1018 mntem
1106 956 1314 1018 nmntotte

390 1054 523 1121 Pronoia
537 1074 673 1119 errorem
689 1054 844 1140 quianon
859 1054 1015 1132 admittit,
1030 1056 1073 1121 ab
1086 1054 1144 1121 illa

477 1157 627 1242 Concipit
642 1178 780 1221 errorem
796 1156 913 1243 dogma
929 1156 1026 1223 senile
1039 1180 1168 1243 gravem
1181 1183 1191 1233 ς

390 1261 525 1325 Pronois
540 1260 573 1323 in
589 1270 684 1345 pertu
701 1258 760 1323 inti
777 1259 870 1323 nimis
884 1259 991 1324 omnia
1005 1262 1121 1346 pressit

479 1363 524 1426 Et
539 1361 637 1425 dures
652 1359 737 1446 leges
751 1361 920 1448 imperiosa
934 1360 1032 1426 dedit.

396 1465 479 1539 Qnae
492 1465 751 1529 inconvenientia
765 1474 950 1547 sequantur
958 1466 1101 1547 fatalem
1115 1468 1343 1534 necessitatene.

389 1565 537 1633 Libertas
551 1566 634 1652 perit
649 1563 783 1644 arbitrii,
799 1565 825 1628 si
840 1564 907 1631 latu
921 1567 1040 1631 coactis
1277 1576 1342 1634 alo

475 1666 646 1752 Obsequiis
661 1680 793 1743 mentes,
809 1689 865 1731 ore
880 1690 1060 1754 manusque
1075 1683 1215 1736 movent.

389 1770 526 1836 Praemia
540 1792 599 1857 pro
614 1770 735 1835 meritis
749 1768 828 1833 nulli
844 1768 1015 1853 debentur,
1029 1770 1061 1835 in
1077 1772 1183 1858 ipsum

477 1876 647 1935 Auctorem
663 1871 721 1936 sati
738 1871 870 1935 crimine
881 1884 998 1937 cuneta
1012 1872 1142 1939 endunt.

390 1974 524 2037 Errores
537 1976 617 2037 istos
630 1971 830 2037 incommoda
845 1972 949 2038 multa
962 1987 1153 2060 sequuntur,

477 2072 569 2147 Quos
584 2074 685 2139 vitare
699 2074 801 2161 pium,
820 2075 875 2139 sed
893 2097 1059 2140 numerare
1074 2076 1174 2144 labor.
1278 2081 1344 2144 520

390 2176 554 2260 Exaequat
569 2173 679 2261 culpas
694 2196 853 2261 poennque
868 2189 1014 2261 coaequat
1029 2178 1139 2243 eadem

477 2275 613 2353 Stoicus,
625 2288 659 2339 at
674 2288 784 2341 contre
799 2275 917 2363 pagina
931 2300 1019 2342 saera
1033 2278 1121 2344 iacit.

391 2378 429 2441 ln
447 2376 558 2441 multis
573 2376 672 2465 igitur
690 2377 750 2463 legi
765 2380 922 2444 consentit
936 2395 969 2445 et
984 2380 1068 2446 idem

476 2477 637 2543 Adversus
651 2478 753 2563 legem
769 2482 872 2545 multa
886 2479 1000 2546 docere
1015 2481 1107 2548 solet.

389 2583 518 2665 Dogme
532 2578 611 2643 fides
625 2580 751 2667 recipit,
766 2581 826 2645 nisi
843 2580 894 2645 lex
910 2583 1076 2649 manifeste
1090 2600 1259 2673 repugnet,
1277 2595 1341 2655 teo

476 2681 533 2745 Vel
549 2681 630 2747 ratio
645 2682 751 2769 potior
766 2682 825 2746 hoe
841 2683 1014 2768 reprobare
1028 2701 1136 2770 queat.

630 2788 683 2849 De
698 2785 935 2865 Epicureorum
949 2787 1107 2868 dopmote.

390 2886 469 2949 Esse
484 2884 559 2949 boni
575 2905 729 2949 summam
746 2896 842 2968 putat
858 2883 940 2949 alter
953 2885 1073 2968 gaudia
1088 2890 1213 2969 mentis,

473 2992 582 3073 Atque
597 2984 755 3070 voluptati
771 2999 886 3051 cuncte
901 2987 1031 3052 subesse
1045 2988 1149 3055 docet.

389 3092 462 3155 Hoc
478 3087 624 3174 equidem
641 3098 735 3162 recte,
753 3086 806 3151 sed
825 3088 850 3151 si
866 3088 906 3153 sit
923 3110 1006 3175 pura
1020 3090 1180 3178 voluptas,

476 3190 511 3254 Si
527 3188 607 3254 ratio
622 3187 700 3253 dieti
715 3188 835 3273 gaudia
850 3212 926 3253 vere
940 3192 1039 3277 oepit,
1276 3203 1340 3263 580

389 3295 422 3359 Si
438 3306 541 3359 status
552 3292 727 3379 appetitur,
743 3304 789 3368 ut,
805 3292 892 3377 quod
910 3294 991 3370 vult,
1007 3294 1100 3373 adsit,
1115 3310 1146 3362 et
1162 3298 1255 3380 absit,

475 3394 568 3473 Quod
585 3416 649 3457 non
665 3393 735 3459 vult
751 3394 885 3470 animus,
903 3394 943 3459 ad
960 3396 1014 3482 pie
1028 3410 1103 3461 vote
1118 3398 1260 3479 studens,

388 3498 427 3561 Si
441 3496 530 3561 labor
545 3496 664 3583 aspiret
677 3517 781 3561 veram
798 3497 941 3562 conferre
955 3497 1107 3583 quietem,

475 3599 509 3663 Si
527 3620 614 3663 mens
628 3600 802 3687 tranquille
817 3600 937 3685 gaudie
950 3601 1039 3688 pacis
1054 3601 1161 3669 hebet.

388 3699 511 3767 Militat
526 3700 566 3765 ed
584 3722 691 3787 pacem
708 3702 799 3767 labor
813 3701 973 3765 officiosus
986 3714 1019 3767 et
1034 3703 1146 3786 ambit,
1276 3714 1340 3775 535

472 3800 566 3879 Quod
583 3802 643 3867 sibi
659 3802 802 3868 lentitiam
818 3816 1009 3889 perpetuare
1024 3816 1133 3890 queat.

387 3905 426 3968 In
442 3900 561 3967 virtute
576 3901 666 3967 labor
681 3905 805 3989 positus
820 3902 985 3985 dulcescit,
1000 3917 1032 3970 et
1047 3905 1079 3970 in
1096 3930 1129 3971 ae

470 4008 564 4069 Mens
581 4004 817 4070 benefactorum
834 4006 959 4069 conseia
974 4006 1050 4072 laeta
1064 4008 1162 4093 viget.

616 4108 669 4171 De
679 4128 797 4189 pugno
813 4108 970 4172 loboriset
985 4113 1111 4193 quietis.

385 4205 447 4271 Sed
465 4205 553 4273 labor
568 4219 600 4273 et
616 4208 742 4293 requies
756 4206 867 4272 ineunt
881 4208 915 4273 in
931 4232 1063 4295 corpore
1078 4210 1209 4286 bellum,

473 4308 577 4395 Angit
593 4309 657 4389 hie,
672 4308 727 4373 illa
742 4308 840 4391 leret,
855 4309 907 4373 hic
921 4310 1019 4398 fugit,
1033 4311 1089 4376 ille
1103 4325 1230 4377 manet:
1276 4318 1341 4382 540

383 4412 432 4476 Ut
446 4414 586 4477 multum
603 4410 699 4477 duret
714 4410 846 4491 bellum,
861 4434 936 4476 eum
953 4428 1095 4499 tempore
1109 4428 1221 4492 cessat,
