3625 5317
457 767 524 830 886
726 775 863 822 solutus
877 773 1157 820 sansssnmsrtsts

456 935 542 998 Num
557 951 653 1016 quam
675 928 720 993 illi
742 929 903 1012 majestas,
917 928 1002 992 hauc
1022 927 1077 990 isti
1098 927 1303 991 reverentiam
1318 945 1413 990 sanc·

456 1035 531 1098 titus
545 1031 740 1096 conferebat
784 1028 909 1109 Pugani
928 1048 1072 1112 quoque,
1086 1027 1143 1111 qui
1158 1025 1233 1091 duci
1248 1026 1281 1089 iu
1296 1026 1411 1089 eodem

455 1133 600 1198 exercitu
622 1131 815 1200 militabant,
835 1129 939 1211 magis
960 1128 1150 1192 deserebant
1171 1129 1336 1207 Anselmo,
1352 1148 1410 1212 op-

455 1245 561 1300 tantes
581 1233 612 1296 ci
634 1251 788 1316 prospera
809 1240 843 1294 et
863 1242 1051 1314 precautes:
1083 1228 1279 1313 plurimique
1301 1249 1411 1292 eorum

456 1357 515 1420 per
535 1355 610 1398 eum
631 1333 846 1397 accessissent
866 1329 909 1394 ad
930 1329 1040 1407 fidem,
1061 1329 1127 1393 nisi
1148 1330 1243 1393 timor
1264 1329 1358 1393 ducis
1378 1339 1414 1392 et

456 1435 584 1501 comitis
606 1433 727 1498 Sicilire
745 1455 802 1496 eos
821 1431 1030 1497 cohibuimet.
1077 1431 1153 1495 Nou
1174 1431 1261 1494 euim
1279 1431 1409 1514 permit·

455 1537 605 1602 tebantur
628 1535 737 1599 venire
767 1533 810 1597 ad
839 1532 948 1596 fidem.
992 1532 1105 1596 Soluta
1129 1530 1301 1595 obsidione
1324 1533 1411 1595 cele·

455 1639 583 1702 brutum
597 1649 647 1700 est
662 1637 804 1699 Berense
824 1633 1017 1708 concilium3
1038 1633 1096 1696 ubi
1110 1633 1283 1696 Anselmus
1296 1632 1411 1696 catho-

457 1738 521 1802 lica
539 1737 661 1802 ratione
683 1735 846 1800 convincit
868 1735 1012 1811 Grecos,
1026 1746 1059 1796 et
1079 1732 1232 1816 Spiritum
1255 1731 1413 1797 Sanctum

458 1839 587 1902 al'atre
601 1849 633 1901 ct
648 1837 732 1900 Filio
745 1834 920 1918 procedere
933 1834 1056 1899 docuit.
1085 1833 1167 1898 inde
1183 1835 1319 1898 Romam
1334 1855 1412 1897 cum

455 1939 635 2024 apomelico
663 1957 805 2002 reversus
833 1947 891 2000 est
942 1936 1022 2018 Ipso
1050 1935 1261 2019 precipiente
1286 1937 1411 2018 Anglos

455 2041 594 2104 Romam
607 2039 770 2102 venientes
784 2037 826 2100 ad
841 2036 958 2121 pedem
975 2035 1072 2119 juxta
1090 2036 1230 2098 Romani
1244 2036 1412 2119 pontificis

456 2142 557 2206 instur
577 2137 715 2206 admisit
763 2139 819 2220 [ld
840 2136 986 2222 quidem]
1012 2137 1156 2201 Anselmi
1176 2137 1340 2201 humilitus
1362 2158 1412 2201 re-

457 2241 556 2324 pulit;
570 2239 674 2304 donec
684 2239 917 2324 apostolicusei
926 2237 1186 2322 precepitutsic
1196 2235 1413 2301 moderaretur

456 2339 682 2416 humilitatem,
695 2360 737 2402 ne
752 2359 1017 2422 quorumcunque
1031 2337 1221 2402 benefacere
1236 2337 1411 2401 volentium

458 2437 628 2524 impediret
643 2438 858 2502 devotionem.

501 2538 660 2602 Proterea
670 2539 759 2602 circs
770 2538 859 2602 urbis
870 2539 1044 2602 nobiliores
1054 2539 1207 2602 Auselmo
1218 2535 1414 2621 quaudoque

458 2637 664 2702 tetenderunt
676 2637 813 2702 insidias
833 2639 877 2701 ob
901 2638 999 2702 fidem
1019 2638 1220 2722 imperatoris
1241 2637 1413 2701 ecclesium

459 2739 691 2824 persequentis,
706 2738 850 2804 videntes
873 2739 1044 2822 plurimum
1065 2738 1262 2803 auctoritatis
1276 2736 1414 2802 conferri

459 2841 592 2905 Urbano
602 2860 646 2904 ex
657 2840 827 2922 praesentis
840 2839 922 2923 ejus.
944 2837 1103 2902 Ceterum
1115 2848 1151 2901 ut
1165 2859 1238 2901 eum
1250 2837 1413 2902 Christum

460 2939 592 3004 Domini
611 2961 682 3004 esse
704 2951 876 3016 constaret,
889 2951 922 3002 et
936 2960 1043 3003 verum
1065 2938 1260 3021 discipulum
1276 2937 1413 3014 christe

459 3062 535 3105 mox
551 3063 590 3106 eo
605 3041 673 3105 riso
689 3039 840 3125 pmjectis
860 3039 954 3104 armis
974 3039 1161 3103 ceciderunt
1174 3040 1208 3102 in
1224 3050 1359 3115 terram3
1380 3050 1413 3103 et

460 3141 514 3226 qui
539 3141 581 3205 cd
604 3138 872 3204 malefaciendum
901 3149 1112 3218 accesserant,
1133 3161 1232 3204 sacrm
1258 3137 1412 3204 benedic-

457 3240 556 3306 tionis
586 3241 773 3325 quaerebant
803 3263 930 3306 munus.
989 3239 1145 3325 Adeoque
1172 3242 1207 3304 in
1235 3249 1305 3304 tota
1333 3243 1413 3304 urbe

459 3340 594 3403 invaluit
614 3339 779 3420 religionis
800 3341 870 3424 ejus
891 3341 1073 3418 auctoritas,
1093 3353 1216 3406 utnon
1238 3342 1413 3425 archiepis·

458 3461 573 3526 copus,
586 3459 652 3502 non
668 3437 799 3522 primus,
813 3439 872 3502 sed
894 3451 1026 3505 sanctus
1047 3440 1144 3504 homo
1158 3442 1412 3507 antonomastice

458 3543 492 3608 id
516 3553 566 3608 est
588 3541 785 3606 excellenter
808 3543 893 3605 velut
915 3542 1046 3625 proprio
1074 3542 1205 3606 nomine
1232 3554 1409 3607 vocaretur.

458 3649 572 3711 Rome
594 3644 721 3708 interim
746 3644 919 3708 concilium
936 3644 1130 3720 celebratum
1152 3655 1185 3708 et
1199 3645 1281 3708 iuter
1295 3654 1413 3709 caetere

459 3747 588 3812 decreta
616 3745 774 3822 statuitur,
804 3755 840 3808 ut
872 3745 1217 3808 excommunicationis
1253 3746 1413 3808 sententis

458 3845 612 3911 feriantur
632 3844 718 3922 laici,
740 3846 796 3927 qui
817 3845 1020 3908 investituras
1048 3845 1257 3909 ecclesiarum
1279 3845 1412 3923 faciunt,

459 3947 562 4033 etqui
584 3967 639 4011 eus
653 3943 818 4028 accipiunt
833 3943 873 4010 de
888 3967 986 4009 mauu
1007 3944 1183 4022 laicorum;
1206 3943 1317 4010 eadem
1334 3966 1412 4029 quo-

460 4071 524 4137 que
540 4046 698 4112 sententie
713 4047 940 4129 percelluntur,
955 4045 1010 4130 qui
1025 4045 1058 4108 in
1079 4046 1223 4112 officium
1238 4047 1285 4112 sic
1301 4046 1412 4131 adepti

459 4150 587 4216 honoris
602 4149 741 4232 aliquem
757 4152 945 4210 consecrare
960 4159 1168 4232 presumunt.
