3625 5317
654 813 731 856 vrrr
748 811 864 856 snuerr
882 811 1011 856 raone
1029 811 1123 854 esur.
1281 793 1345 852 869

390 965 557 1029 blanditiis
579 967 724 1029 emolliri.
770 965 888 1029 Maluit
912 965 999 1027 enim
1025 983 1146 1046 pauper
1170 981 1343 1045 pauperem

332 1115 338 1130 .
389 1067 482 1151 sequi
513 1066 685 1143 Christum,
712 1087 808 1150 quam
838 1065 1058 1148 derelinquere
1083 1065 1186 1146 legem
1212 1061 1343 1136 Christi,

391 1189 455 1252 quo
470 1169 654 1232 consolante
676 1168 804 1252 adjutus
819 1178 868 1231 est
886 1187 1062 1251 pauperum
1081 1164 1343 1249 compatientium

392 1270 480 1332 brevi
496 1289 638 1333 numero.

435 1371 539 1446 Quum
564 1393 636 1434 vero
661 1383 733 1453 post
754 1372 937 1434 innumeras
959 1370 1147 1434 vexationes
1169 1380 1201 1434 et
1214 1369 1347 1453 injurias

392 1473 518 1536 tandem
542 1473 629 1556 apud
652 1473 887 1537 Clarendonam
908 1473 995 1555 regia
1016 1474 1178 1536 voluntate
1199 1470 1346 1554 episcopi

392 1587 425 1639 et
439 1596 588 1658 proceres
602 1577 837 1653 convenissent,
848 1575 958 1656 exegit
972 1595 1031 1638 rex
1040 1573 1212 1636 instantius
1227 1585 1263 1635 ut
1277 1592 1344 1650 reg·

393 1676 427 1738 ni
442 1675 701 1754 eonsuetudines,
714 1698 794 1759 quas
809 1675 988 1738 secundum
1007 1674 1253 1738 assentationem
1273 1692 1346 1755 pro·

395 1797 502 1840 cerum
518 1798 596 1840 arus
612 1798 689 1840 suus
704 1779 889 1840 observasse
905 1775 1079 1852 videbatur,
1093 1774 1223 1859 publice
1236 1793 1345 1836 recen·

394 1890 546 1950 serentur,
563 1889 595 1940 et
616 1898 771 1960 expresso
791 1889 823 1941 et
845 1878 993 1940 absoluto
1013 1877 1157 1940 omnium
1179 1874 1349 1957 episcopo·

395 1997 465 2041 rum
495 1999 626 2042 assensu
655 1977 861 2054 firmarentur,
887 1979 977 2041 nulla
1002 1978 1132 2040 omnino
1162 1975 1349 2040 conditione

396 2078 529 2162 adjecta
572 2079 668 2152 Quod
684 2079 917 2164 archiepiscopi
932 2091 965 2143 et
978 2080 1122 2163 episcopi
1138 2075 1350 2154 attendentes,

397 2193 552 2264 quantum
577 2182 670 2246 licuit
695 2183 849 2266 impedire
876 2194 931 2246 aut
954 2183 1068 2246 saltem
1094 2180 1219 2244 differre
1243 2175 1350 2242 conati

396 2294 483 2357 sunt,
498 2283 663 2346 metientes
684 2282 860 2366 perieulum
881 2281 969 2366 quod
988 2283 1063 2346 hinc
1086 2281 1163 2344 inde
1182 2277 1351 2342 inevitabi-

396 2383 468 2446 liter
495 2383 693 2447 imminebat.
747 2383 782 2446 Si
818 2384 903 2446 euim
933 2383 1017 2446 vitiis
1050 2383 1205 2467 pravitate
1232 2377 1353 2442 inolitis

398 2483 625 2558 consentirent,
649 2485 841 2566 sequebatur
863 2484 931 2548 sine
958 2483 1057 2547 dubio
1079 2481 1156 2546 fidei
1178 2479 1353 2563 salutisque

399 2583 580 2646 discrimen.
626 2585 661 2647 Si
686 2605 759 2647 roro
783 2583 1035 2662 adversarentur,
1060 2604 1125 2668 pax
1150 2582 1295 2646 ecclesiae
1320 2590 1354 2642 et

398 2686 602 2748 incolumitas
626 2686 698 2746 vitae
722 2687 815 2746 certis
838 2698 905 2746 erat
927 2684 1053 2766 objecta
1075 2683 1236 2766 perieulis.
1281 2681 1352 2744 Nee

394 2785 482 2869 justa
496 2783 629 2846 timendi
645 2803 743 2846 causa
764 2783 881 2861 deerat,
897 2806 996 2868 quum
1016 2783 1193 2847 secundum
1209 2783 1354 2846 Salomo-

399 2906 489 2948 nem:
519 2882 610 2947 Sicut
625 2884 769 2948 fremitus
784 2885 898 2963 leonis,
913 2888 958 2948 ita
977 2897 1010 2948 et
1023 2885 1071 2948 ira
1084 2885 1176 2966 regis.
1225 2881 1354 2946 Pondus

400 2999 506 3051 autem
521 2986 597 3049 belli
611 2986 645 3048 in
663 2983 942 3070 archiepiscopum
962 3008 1087 3050 versum
1103 2997 1163 3060 est,
1179 2986 1248 3049 sine
1263 2985 1355 3068 cujus

400 3100 551 3173 tanquam
568 3087 637 3151 sine
653 3088 770 3170 eapitis
785 3088 835 3152 sui
852 3088 989 3152 consilio
1001 3089 1079 3152 nihil
1094 3088 1257 3153 audebant
1272 3086 1353 3170 epis·

400 3191 487 3272 copi,
502 3199 534 3253 et
548 3190 577 3253 ei
594 3200 630 3252 ut
644 3191 862 3272 acquiesceret
873 3191 1041 3253 consulere
1057 3188 1280 3252 formidabant.
1323 3188 1357 3249 Is

401 3302 509 3355 autem
535 3291 575 3354 de
603 3289 802 3375 quorundam
824 3291 1059 3374 episcoporum,
1084 3292 1201 3374 quibus
1227 3290 1357 3374 dispeu-

401 3391 489 3454 dium
515 3393 728 3455 membrorum
754 3401 787 3454 et
812 3392 925 3456 salutis
950 3394 991 3456 ab
1018 3393 1149 3477 antiquo
1175 3392 1258 3474 regis
1283 3389 1357 3454 odio

400 3490 585 3576 impendere
611 3490 787 3569 ridebatur,
809 3493 911 3575 magis
936 3514 1032 3578 quam
1059 3493 1100 3556 de
1121 3493 1258 3578 propriis
1282 3492 1359 3555 lieet

403 3591 541 3674 plurima
562 3603 595 3655 et
614 3593 802 3674 gravissima
826 3593 1040 3669 imminerent,
1062 3593 1256 3658 anxiabatur
1274 3593 1359 3678 peri-

403 3692 499 3770 eulis,
513 3703 545 3756 et
560 3703 624 3756 tam
640 3713 699 3777 pro
718 3694 849 3757 instanti
864 3694 1056 3758 necessitate
1073 3717 1169 3778 quam
1184 3716 1244 3778 pro
1258 3694 1360 3760 suasi·

403 3793 523 3858 bilibus
543 3815 730 3878 magnorum
750 3796 889 3859 virorum
910 3797 1073 3879 religionis
1092 3797 1237 3862 habitum
1255 3799 1359 3882 prose·

404 3896 541 3960 rentium
569 3899 672 3961 verbis
694 3898 860 3980 deceptus,
881 3899 1071 3981 petitionem
1091 3901 1175 3982 regis
1194 3902 1290 3964 verbo
1312 3911 1361 3962 te·

405 4018 465 4060 nus
488 3997 557 4061 fieri
579 4000 702 4062 annuit.
746 4000 791 4062 Et
809 4000 856 4062 sic
876 4011 910 4064 et
930 4001 1001 4085 ipse
1019 4013 1052 4065 et
1074 4003 1228 4085 episcopi,
1243 4003 1360 4084 quibus

405 4099 584 4174 timebatur,
599 4101 677 4163 lieet
698 4121 772 4163 eum
794 4099 963 4184 dispendio
986 4124 1103 4179 causae,
1125 4102 1266 4186 eorporis
1287 4124 1362 4167 eva·

406 4221 474 4263 sere
502 4203 688 4283 periculum.
735 4201 800 4266 Sed
827 4202 997 4286 episeopus
1025 4205 1144 4268 iubae
1172 4205 1361 4268 liberatione

407 4321 574 4385 corporum
598 4302 721 4366 ruinam
745 4314 893 4368 metuens
915 4304 1102 4381 animarum,
1125 4306 1266 4390 seipsum
1288 4328 1361 4370 aus·

406 4403 575 4466 terioribus
591 4405 750 4468 alimentis
765 4415 798 4468 et
817 4405 1011 4471 indumentis
1024 4409 1151 4488 gravius
1166 4409 1267 4494 coepit
1281 4409 1361 4474 affli-

451 4521 524 4566 vor.
542 4523 572 4566 v.
861 4509 920 4570 ab
