3625 5317
464 801 505 857 22
730 812 866 859 sossius
883 812 1162 859 ssaasaamsnsrs
1300 792 1383 873 [mn.
1401 813 1425 857 1.

467 963 607 1027 universi
626 964 788 1029 sentirent.
835 962 886 1029 Sic
901 962 1014 1049 vulpes
1033 986 1053 1026 a
1073 962 1294 1048 desperatione
1317 984 1428 1029 cerasa

466 1065 588 1151 culpat,
615 1076 647 1129 et
677 1078 714 1130 ut
744 1065 806 1131 dici
833 1065 913 1133 solet
939 1064 1102 1130 rusticano
1127 1064 1310 1149 proverbio,
1335 1064 1428 1151 quod

468 1176 617 1251 negatur,
626 1164 716 1232 ducit
725 1167 848 1233 inutile.
886 1166 967 1232 lnde
981 1188 1059 1252 ergo
1069 1170 1138 1239 irae,
1150 1166 1226 1229 hinc
1240 1164 1427 1252 lachrymae,

470 1269 544 1332 hinc
565 1268 756 1356 indignatio,
777 1292 874 1358 quam
902 1270 1055 1334 adversus
1076 1268 1251 1355 discipulos
1273 1291 1430 1334 memora-

469 1385 577 1437 torum
589 1372 941 1461 sapientium'concepit
953 1371 1115 1438 Cornificii
1126 1373 1260 1437 domus:
1282 1371 1428 1457 undique

469 1471 503 1535 in
518 1494 572 1536 eos
586 1486 711 1538 exercet
727 1473 866 1552 dentem,
879 1473 935 1540 sed
950 1471 982 1536 in
999 1470 1159 1537 soliditate
1169 1495 1280 1537 eorum
1293 1471 1428 1558 frangit,

471 1582 508 1635 ut
519 1572 649 1652 dicitur,
661 1574 847 1661 genuinum.
886 1573 1097 1661 impudenter
1111 1573 1219 1654 etiam,
1230 1574 1279 1653 (in
1293 1571 1427 1638 latebris

470 1686 587 1751 tamem
602 1674 680 1761 qnia
694 1674 799 1763 palam
822 1698 884 1740 non
904 1674 991 1759 licet)
1011 1674 1180 1740 obfuscare
1194 1677 1309 1740 nititur
1323 1674 1429 1759 splen-

470 1776 633 1843 didissima
648 1777 770 1843 lumina
782 1778 973 1858 Galliarum,
985 1776 1135 1844 Laudnni
1149 1778 1294 1864 gloriam,
1312 1777 1428 1841 fratres

472 1879 668 1965 Theologos,
697 1879 877 1957 Ansellum,
904 1891 938 1944 et
962 1878 1162 1945 Radulfum:
1199 1902 1336 1965 quorum
1362 1900 1428 1941 me-

473 1966 619 2044 morlain
631 1980 836 2065 jucunditate
856 1994 889 2045 et
908 1980 1127 2045 benedictione
1142 1994 1208 2045 est:
1238 2004 1321 2067 quos
1335 2002 1427 2043 nemo

472 2080 623 2146 laceravit
638 2082 781 2167 impune,
796 2094 827 2147 et
844 2082 901 2168 qui
917 2082 992 2148 solis
1007 2081 1238 2169 displicuerunt
1259 2082 1428 2160 hereticis,

473 2195 529 2246 aut
549 2180 743 2265 flagitiorum
767 2184 969 2271 turpitudine
990 2184 1163 2250 obvolutis.
1210 2182 1292 2248 Nam
1315 2182 1356 2247 de
1371 2181 1427 2249 Al·

473 2285 580 2349 berino
597 2283 759 2362 Remensi,
775 2298 807 2351 et
825 2288 963 2373 Symone
986 2284 1153 2352 Parisiensi
1170 2286 1274 2375 palam
1291 2286 1427 2371 loquun-

473 2398 537 2461 tur,
550 2398 581 2451 et
597 2384 801 2471 proverbium
817 2386 943 2451 nullum
959 2387 1082 2468 dicunt,
1092 2400 1124 2452 et
1140 2411 1290 2475 sequaces
1303 2409 1427 2465 eorum,

474 2508 537 2550 non
562 2485 656 2550 modo
679 2486 885 2575 philosophos
907 2506 1036 2575 negant,
1057 2490 1122 2553 imo
1143 2512 1201 2553 nec
1222 2489 1352 2553 clericos
1375 2512 1429 2575 pa-

474 2588 622 2652 liuntur:
646 2590 698 2653 vix
716 2588 858 2654 homines
873 2590 982 2655 sinunt
1004 2614 1082 2671 esse,
1096 2590 1151 2655 sed
1167 2592 1264 2656 boves
1278 2590 1429 2671 Abrahae,

474 2688 522 2752 vel
550 2690 654 2755 asinos
678 2690 886 2769 Balaamitos,
909 2692 1067 2757 duntaxat
1092 2691 1267 2771 nominant,
1288 2693 1353 2756 imo
1373 2693 1430 2756 de-

473 2790 589 2865 rident,
607 2805 662 2856 aut
679 2795 704 2856 si
720 2792 800 2878 quid
815 2794 1016 2858 scommatice
1031 2792 1144 2878 magis,
1159 2806 1215 2857 aut
1232 2792 1380 2857 loedorice
1395 2793 1427 2857 in

474 2918 528 2958 eos
544 2894 606 2959 dici
622 2906 736 2981 potest.
775 2893 962 2959 Willelmus
976 2896 1017 2959 de
1030 2894 1212 2981 Campellis,
1223 2917 1340 2958 errasse
1355 2917 1428 2958 oon-

474 2997 612 3061 vincitur
641 2998 767 3083 scriptis
799 2994 947 3083 propriis.
1005 2996 1070 3061 Vix
1102 2995 1246 3081 parcitur
1275 2997 1430 3081 magistro

474 3100 609 3183 Hugoni
636 3099 676 3162 de
704 3101 821 3163 Sancto
845 3099 990 3163 Victore:
1028 3110 1060 3163 et
1090 3098 1151 3161 boc
1173 3096 1306 3184 quidem
1327 3098 1429 3185 magis

472 3215 605 3286 propter
619 3198 764 3264 habitum
780 3198 953 3282 religionis,
964 3222 1060 3285 quarn
1073 3210 1206 3286 propter
1219 3200 1428 3263 reverentiam

474 3298 624 3379 scientiae,
641 3312 698 3364 aut
718 3300 882 3365 doctrinae.
928 3304 999 3365 Deo
1018 3300 1102 3365 enim
1122 3301 1155 3364 in
1175 3301 1246 3386 ipso
1265 3300 1428 3378 deferunt,

474 3424 536 3466 non
568 3422 721 3488 personia.
780 3399 965 3464 Rodbertus
998 3400 1123 3478 Pullus,
1153 3401 1248 3488 cujus
1278 3401 1430 3473 memoria

475 3502 564 3567 bonis
578 3500 881 3587 omnibusjucunda
896 3517 955 3579 est,
967 3501 1126 3566 diceretur
1141 3501 1225 3567 filius
1240 3501 1430 3589 subjugalis,

475 3605 533 3669 nisi
545 3604 611 3668 sedi
626 3602 819 3689 Apostolicae
830 3603 1022 3680 deferretur,
1031 3621 1107 3690 quac
1119 3608 1237 3689 ipsum,
1248 3604 1289 3667 de
1300 3604 1431 3668 doctore

474 3706 670 3782 sclrolastico,
696 3705 929 3771 cancellarium
951 3705 1037 3769 iecit.
1082 3707 1132 3769 Ut
1153 3720 1261 3771 autem
1284 3705 1432 3770 licentius

474 3810 542 3872 lraeo
557 3806 676 3873 familia
688 3808 757 3871 aliis
772 3806 951 3893 derogaret,
963 3806 1147 3891 religionem
1162 3809 1368 3872 extrinsecam
1384 3808 1432 3871 in-

473 3910 545 3975 duit
556 3910 781 3996 paterfamilias
792 3910 843 3989 (do
854 3922 980 3974 interna
990 3910 1070 3974 enirn
1081 3928 1249 3997 cognoscet
1260 3911 1431 3990 Dominus,

472 4026 503 4077 et
521 4010 692 4097 judicabit)
709 4026 741 4076 ct
761 4010 1033 4088 Cisterciensium,
1049 4010 1323 4089 cluniacensium,
1343 4014 1432 4077 Proe-

473 4113 762 4191 monstratensium,
788 4110 998 4197 aliorumque,
1023 4133 1161 4199 qnorum
1189 4112 1276 4178 fama
1301 4110 1433 4176 hilarior

471 4229 531 4291 est,
555 4211 799 4278 familiaritatem
827 4228 947 4300 captat,
975 4226 1012 4277 ut
1037 4218 1078 4277 ab
1104 4234 1215 4277 eornm
1241 4214 1433 4278 auctoritate

473 4316 572 4401 possit
595 4336 660 4377 esse
687 4312 828 4397 insignis.
874 4317 948 4398 Ego
974 4327 1081 4378 autem
1108 4315 1337 4380 detractionem
1363 4316 1434 4400 ejus

473 4418 603 4481 familiae
635 4416 855 4502 equanimiter
889 4430 993 4502 porto,
1025 4429 1057 4481 et
1086 4439 1137 4481 mo
1167 4418 1270 4481 fateor
1306 4417 1434 4503 aliquos
