3625 5317
542 647 568 690 1

612 801 655 846 os
672 800 827 848 ununms
842 799 1137 850 corsrrrrrrrrrnus.
1283 790 1346 850 tot

479 955 690 1033 Conveniam,
704 975 857 1038 quaeram,
872 975 946 1039 quse
963 954 1006 1018 sit
1019 955 1108 1037 origo
1123 957 1229 1020 mali.”

384 1057 485 1120 Tunc
508 1078 543 1121 se
569 1065 758 1121 convertens
783 1056 824 1121 ad
847 1057 1001 1121 Ventrem
1023 1057 1164 1142 Lingua;
1196 1058 1217 1093 “
1230 1056 1347 1132 Quid,”

610 1156 726 1244 inquit,

480 1260 500 1293 “
511 1258 592 1322 Tam
608 1258 690 1321 maie
705 1277 765 1321 nos
779 1254 891 1320 ioedisi
916 1258 982 1322 Hic
996 1259 1083 1323 furor
1096 1261 1183 1325 unda
1197 1258 1279 1326 tibi?

389 1360 545 1444 Respice,
559 1379 666 1422 nonne
681 1367 754 1421 tuos
769 1357 919 1423 concives
932 1359 1067 1444 perdere
1082 1361 1197 1426 curas?

481 1458 618 1534 Quando
633 1457 723 1521 vides
737 1478 858 1535 casum,
873 1479 938 1520 non
953 1459 1091 1523 relevere
1105 1459 1216 1545 paras?

389 1562 509 1625 Hostis
523 1569 604 1625 eset
619 1560 709 1633 civis,
726 1559 796 1624 baec
811 1566 898 1622 recta
913 1559 1015 1623 trente
1029 1573 1227 1643 repugnant3

477 1661 499 1726 J
500 1669 597 1725 uncte
610 1659 674 1723 sibi
690 1659 815 1733 melius,
831 1657 922 1736 ciris,
937 1658 1060 1722 amicus
1074 1671 1176 1725 erunt.

389 1763 437 1826 Et
450 1781 587 1825 vacuum
601 1770 633 1824 et
648 1759 780 1843 plenum
795 1769 827 1822 te
842 1777 969 1840 semper
982 1757 1175 1824 habebimus
1188 1758 1325 1836 bostem,

478 1863 612 1946 Semper
625 1861 685 1924 erit
698 1860 793 1924 nobis
807 1859 909 1923 tristis
924 1869 1058 1943 uterque
1071 1858 1196 1925 status?

392 1965 531 2038 Quando
547 1975 651 2028 tumes
665 1964 792 2046 plenus,
806 1961 906 2026 nimie
921 1960 963 2025 de
977 1963 1063 2024 mole
1076 1973 1239 2045 gravatus.

479 2067 576 2132 Tunc
591 2085 718 2148 semper
733 2074 839 2130 tecum
854 2085 916 2126 nos
930 2064 1009 2128 sacis
1024 2085 1095 2128 esse
1109 2087 1232 2147 graves.

394 2169 482 2251 Ergo
497 2186 624 2251 precor,
639 2164 787 2230 miserere
802 2165 860 2238 tui,
876 2164 1026 2229 miserere
1039 2176 1177 2246 tuorum,

479 2269 531 2332 Ne
548 2277 653 2332 tecum
668 2276 812 2352 pereant,
827 2276 927 2350 teque
942 2274 1079 2349 tuosque
1088 2267 1176 2352 jura

392 2371 565 2454 Exponas,
580 2389 638 2432 cur
651 2388 718 2432 non
733 2368 884 2452 quereris,
901 2367 953 2430 vei
968 2366 1048 2450 quid
1061 2367 1122 2431 tibi
1136 2371 1274 2453 quaeris?

479 2469 525 2534 Et
537 2490 592 2544 ne,
608 2489 730 2551 quaeso,
743 2488 837 2546 noce,
851 2466 909 2532 sed
922 2466 1071 2533 faciende
1084 2466 1197 2534 doce.”

394 2571 456 2634 Hie
472 2570 577 2634 verbis
591 2569 711 2633 claudit
724 2589 887 2633 sermones
902 2569 1039 2651 Lingua,
1052 2569 1221 2654 vicemque

477 2672 598 2735 Venter
612 2671 642 2732 ei
655 2669 807 2743 reddens,
822 2668 939 2752 incipit
952 2669 1015 2732 ista
1029 2670 1138 2752 loqui:

390 2773 411 2806 “
423 2771 540 2836 Audivi
554 2772 672 2852 lingum
687 2769 848 2851 strepitus,
864 2779 897 2830 et
910 2787 967 2830 eoa
980 2768 1141 2851 sapienter

478 2871 632 2942 Sustinui,
648 2869 771 2943 fratres,
785 2867 933 2932 laedimur
946 2867 1023 2930 inde
1038 2887 1163 2949 pamm.

391 2973 518 3052 Lingua
527 2967 657 3054 quidem
666 2969 843 3031 membrum
853 2968 1092 3044 modicum,sed
1101 2971 1209 3045 molle,
1218 2971 1348 3057 citoque

478 3071 613 3135 Labitur
627 3080 660 3134 et
674 3069 814 3154 loquitur
829 3071 948 3154 sepius
962 3071 1085 3156 absque
1100 3071 1216 3135 modo:

392 3175 480 3238 Nam
496 3171 537 3235 de
551 3171 691 3234 scintilla
705 3190 856 3252 magnum
872 3171 959 3234 foret
974 3181 1007 3235 et
1023 3182 1128 3236 moret
1141 3173 1261 3254 ignem,

478 3275 519 3338 In
532 3273 661 3337 fornace
676 3291 734 3336 sue
749 3271 881 3336 fabricat
895 3272 972 3337 inde
985 3272 1087 3340 dolos.

392 3375 473 3440 Inde
486 3375 582 3438 nimis
597 3384 722 3438 nostros
736 3371 836 3454 agitat
851 3372 1010 3439 discordia
1025 3376 1122 3454 cirea,

478 3477 562 3540 Nam
577 3495 692 3558 pacem
707 3475 824 3549 turbat,
840 3475 966 3539 etmihi
983 3477 1046 3540 tela
1054 3477 1146 3558 jacit

393 3579 444 3642 Ne
460 3577 637 3654 dominum,
654 3575 780 3650 iratres,
794 3575 887 3640 vobis
901 3575 1043 3638 ostendit
1057 3587 1091 3640 et
1105 3576 1247 3641 bostamr

480 3677 546 3744 Sed
563 3678 643 3753 scio,
659 3675 747 3762 quod
763 3675 854 3738 vobis
869 3673 984 3752 servio,
999 3693 1122 3757 vosque
1137 3672 1219 3739 colo.

396 3779 505 3851 Quum
519 3798 580 3842 nos
595 3777 636 3841 de
651 3798 758 3842 massa
770 3797 877 3841 rerum
891 3785 1006 3838 natura
1020 3775 1155 3851 vocarit,

478 3879 524 3940 Et
538 3877 632 3940 nobis
646 3877 780 3940 formam
793 3874 1022 3957 materiamque
1037 3872 1139 3953 dedit,

394 3978 538 4060 Corpore
554 3978 717 4058 compegit
732 3996 808 4053 uno,
822 3976 993 4060 conjunxit
1006 3977 1110 4041 amico

480 4075 626 4152 Foedere,
642 4097 702 4140 nos
716 4096 843 4159 semper
851 4076 971 4159 jungat
983 4088 1020 4141 ut
1034 4098 1119 4142 unus
1133 4101 1233 4157 amor,

394 4180 512 4244 Omnia
527 4178 684 4263 praecepit
697 4177 768 4241 fieri
783 4177 969 4242 communia
982 4179 1078 4244 nobis

479 4279 651 4358 Omnibus,
664 4289 700 4344 ut
715 4277 877 4362 proprium
891 4281 1001 4344 nullus
1017 4281 1137 4344 habere
1152 4282 1237 4348 velit.

392 4380 551 4446 Omnibus
566 4381 673 4446 officia
687 4377 854 4444 distinxit:
879 4402 995 4465 meque
1008 4381 1187 4446 ministrum
