3625 5317
497 758 559 823 tut
752 772 887 819 suasura
901 768 1181 819 maaaaaarcnsu
1305 754 1388 834 [cra.
1405 776 1445 821 n.

494 925 577 990 ratio
592 924 721 1005 labitur,
732 925 758 989 si
771 946 832 988 non
846 924 952 988 stabili
963 923 1113 989 innititur
1123 922 1325 989 offendiculo.
1366 927 1446 991 Nam

495 1026 522 1091 ai
537 1025 637 1089 lucem
654 1024 860 1099 subtraxeris,
873 1037 975 1089 cessat
990 1024 1095 1087 visus:
1119 1021 1252 1089 auditus
1265 1024 1376 1091 nullus
1389 1042 1446 1104 est,

492 1139 632 1190 cessante
647 1147 742 1189 sono:
764 1125 901 1189 olfactus
915 1124 1274 1210 gustusquequiescunt
1288 1126 1330 1191 ab
1340 1127 1447 1193 odoris

488 1226 677 1313 saporisque
691 1225 854 1299 carentiat
882 1239 989 1290 tactus
1003 1226 1106 1289 inanis
1123 1226 1225 1304 est,si
1247 1226 1281 1290 in
1304 1250 1373 1291 rem
1400 1252 1447 1293 ao-

492 1326 589 1391 lidam
605 1350 667 1391 non
683 1325 833 1391 offendat.
877 1326 1008 1391 Dicitur
1026 1341 1131 1391 tamen
1155 1328 1245 1414 quod
1268 1343 1346 1394 tunc
1361 1331 1449 1396 vide-

492 1443 588 1495 antur
615 1429 765 1506 tenebrae,
793 1428 952 1495 silentium
978 1428 1141 1506 audiatur,
1167 1444 1320 1515 tangatur
1346 1432 1447 1497 inane.

492 1533 557 1599 Sed
572 1532 680 1596 verius
705 1528 864 1595 diceretur
887 1528 937 1594 his
960 1529 1105 1594 sensibus
1130 1531 1301 1595 tuncnihil
1327 1533 1446 1600 sentiri.

490 1634 692 1720 Augustinus
707 1636 804 1710 enim,
818 1647 849 1697 et
865 1646 977 1697 contra
1000 1630 1208 1710 Manichaeoa‚
1224 1649 1255 1699 et
1271 1634 1303 1699 in
1329 1640 1444 1722 Hypo-

491 1738 647 1814 nosticon,
661 1750 693 1803 et
709 1736 740 1799 in
756 1734 826 1799 aliis
841 1732 952 1798 multis
966 1733 1057 1799 libris
1071 1733 1176 1809 docet,
1187 1756 1251 1799 non
1266 1736 1364 1800 modo
1377 1737 1445 1815 has,

491 1840 546 1906 sed
558 1840 717 1926 quaslibet
728 1838 932 1924 privationes,
941 1836 1023 1899 nihil
1031 1860 1109 1904 assa.
1136 1837 1325 1903 Aristotelea
1336 1853 1443 1904 autem

491 1965 544 2009 eas
558 1940 702 2007 nonnihil
717 1962 783 2004 esse
798 1938 926 2004 asserit:
955 1961 993 2001 eo
1007 1938 1096 2024 quod
1111 1962 1173 2003 nou
1189 1938 1285 2003 modo
1301 1940 1442 2026 privant,

490 2043 546 2109 sed
562 2043 602 2107 ad
625 2065 658 2107 se
679 2039 915 2129 quodammodo
935 2038 1078 2122 subjecta
1097 2040 1282 2127 disponunt.
1328 2042 1445 2157 Itaque

490 2157 554 2208 tarn
578 2166 701 2223 sensus,
716 2165 812 2229 quam
837 2142 930 2218 ratio,
951 2142 1066 2207 stabile
1088 2142 1168 2227 quid
1193 2152 1384 2229 exposcunt,
1404 2168 1442 2209 ne

488 2244 591 2308 inanis
603 2244 647 2309 sit
661 2266 769 2331 opera,
785 2267 860 2331 quaa
873 2258 996 2309 certum
1018 2244 1098 2329 quid
1113 2267 1176 2309 non
1192 2244 1442 2330 comprehendit.

489 2346 573 2409 Nam
585 2366 687 2431 quum
703 2346 771 2429 agit
786 2358 824 2410 ut
839 2358 958 2422 teneat,
971 2356 1004 2408 et
1014 2358 1157 2410 cassatur
1170 2346 1241 2433 ejus
1255 2347 1401 2423 intentio,
1410 2361 1441 2412 et

487 2447 520 2511 iu
537 2468 651 2511 vanum
668 2443 803 2525 laborat,
817 2459 849 2510 et
864 2468 924 2509 suo
938 2445 1061 2511 fallitur
1082 2468 1197 2512 errore.
1242 2448 1341 2512 Unde
1355 2449 1437 2514 sicut

485 2568 625 2613 errorem
655 2545 795 2611 diximus
825 2544 939 2611 rationi
964 2546 1173 2625 contrarium,
1200 2548 1244 2613 sic
1269 2548 1441 2615 vanitatem

487 2651 615 2717 veritati
630 2648 818 2715 contrariam
837 2649 1044 2735 profitemur:
1073 2672 1146 2714 nam
1158 2651 1287 2737 sotrum
1305 2674 1441 2717 nanum·

486 2776 558 2839 que‚
572 2754 630 2820 etsi
646 2775 736 2819 voces
751 2752 885 2818 diversa
900 2752 974 2832 sint,
989 2750 1030 2815 ad
1050 2752 1180 2815 esuriem
1203 2752 1438 2839 quodammodo

484 2856 639 2924 accedunt
664 2854 935 2942 significationem.
978 2856 1078 2919 Porro
1105 2853 1227 2919 vanitas
1255 2869 1288 2919 et
1316 2854 1437 2921 falsitas

486 2959 527 3025 ad
546 2960 679 3025 nihilum
696 2970 848 3043 vergunt:
879 2953 967 3041 quod
989 2957 1073 3020 enim
1096 2954 1211 3021 falsum
1232 2969 1293 3033 est,
1307 2958 1436 3022 omnino

485 3061 565 3127 nihil
579 3075 638 3139 est,
653 3084 711 3126 nec
725 3060 786 3125 sub
801 3057 963 3123 scientiam
977 3056 1073 3121 cadit.
1111 3060 1194 3122 Nam
1210 3061 1294 3124 sicut
1308 3064 1437 3145 Augus·

488 3166 574 3229 tinus
595 3177 627 3228 et
653 3163 685 3225 in
709 3160 894 3246 soliloquiis,
917 3171 950 3223 et
975 3171 1085 3223 contra
1108 3158 1327 3236 Academicos,
1348 3175 1381 3226 et
1406 3162 1439 3226 iu

465 3263 650 3349 ·plerisque
671 3260 740 3325 aliis
766 3258 869 3335 docet,
892 3260 975 3324 inter
999 3282 1110 3325 omnes
1131 3273 1264 3341 veteres,
1286 3273 1319 3326 et
1343 3263 1439 3327 etiam

485 3363 569 3426 inter
584 3360 668 3446 ipsos
686 3356 894 3423 Academicos
908 3358 1062 3437 constitit,
1077 3364 1159 3425 scire
1171 3364 1266 3443 suisa
1279 3365 1439 3427 nminem

484 3483 581 3547 possa
615 3460 791 3548 Siquidem,
802 3472 839 3525 ut
849 3459 960 3525 itidem
972 3475 1083 3527 contra
1094 3461 1300 3529 Academicos
1309 3468 1436 3542 astruit,

485 3586 592 3629 rerum
622 3564 784 3640 falsarum,
812 3564 959 3651 quoniam
989 3566 1119 3629 omnino
1145 3587 1208 3630 non
1237 3580 1323 3643 aunt,
1349 3565 1440 3630 nulia

485 3680 672 3753 potestesse
690 3667 830 3733 scientia.
876 3666 943 3733 Ubi
966 3678 1070 3731 autem
1094 3665 1224 3751 quidam
1247 3667 1439 3754 interpretes

483 3767 647 3861 dixerunt,
662 3770 750 3855 quod
773 3783 858 3835 terra
878 3768 920 3833 ab
941 3766 1035 3832 initio
1057 3782 1123 3832 erat
1146 3768 1261 3846 inanis,
1276 3778 1309 3833 et
1323 3789 1437 3849 vacua,

483 3866 538 3933 alii
553 3866 750 3953 interpretati
767 3882 851 3945 sunt,
866 3867 954 3955 quod
976 3867 1056 3931 nihil
1077 3880 1145 3933 erat
1166 3890 1226 3934 nec
1247 3869 1434 3955 composita.

486 3973 576 4055 Ergo
591 3992 699 4035 verum
716 3991 797 4034 vano
817 3970 972 4055 falsoque,
987 3970 1136 4055 quoniam
1160 3970 1244 4036 idem
1266 3981 1353 4050 sunt,
1366 3970 1437 4057 lege

484 4072 716 4140 contrarietatis
729 4072 914 4157 opponitur.
958 4076 1028 4137 Nec
1042 4095 1170 4138 moveor
1185 4073 1273 4138 sires
1285 4073 1435 4151 existens,

484 4177 530 4242 rei
547 4198 609 4242 uon
631 4174 783 4239 existenti
797 4169 993 4259 opponatur:
1025 4197 1126 4261 quum
1142 4175 1203 4239 hoc
1217 4176 1322 4263 palam
1345 4178 1387 4241 sit
1402 4175 1434 4238 in

484 4276 735 4344 enunciabiiibus
749 4298 823 4362 quaa
838 4275 1081 4341 contradictorie
1094 4293 1314 4363 opponuntur.
1351 4279 1433 4342 Nam

485 4380 672 4447 Aristoteles
686 4378 790 4460 docet,
805 4377 940 4443 alterum
956 4400 1065 4443 eorum
1081 4402 1148 4444 esse
1162 4402 1297 4467 semper,
1310 4394 1345 4446 et
1359 4380 1436 4446 alta-
