3625 5317
396 821 467 867 car.
484 802 595 883 xxm]
752 818 995 866 usramorcns.
1287 808 1348 868 18³

396 968 537 1047 diffiteri,
567 982 601 1035 et
627 968 667 1033 ad
698 969 779 1033 male
801 992 893 1035 senos
922 968 1081 1034 accedere.
1132 971 1237 1046 Unde,
1265 984 1303 1035 ut
1329 995 1350 1035 a

396 1069 514 1135 fabulis
542 1069 750 1143 instruamur,
778 1069 972 1141 Mercurius,
998 1065 1189 1155 eloquentiae
1218 1070 1349 1154 praesul,

397 1168 529 1234 hortatu
546 1170 655 1235 matris
670 1169 701 1234 in
717 1168 906 1255 Philologiae
929 1168 1058 1254 nuptias
1072 1170 1188 1234 transit
1209 1170 1252 1234 ab
1274 1169 1349 1235 ado-

274 1308 281 1320 ·
399 1267 548 1334 lescentia
570 1273 685 1355 prima,
703 1292 741 1333 eo
763 1268 849 1354 quod
869 1270 937 1354 jam
960 1270 1118 1354 pubentes
1138 1293 1241 1354 genre,
1256 1272 1349 1335 semi·

396 1370 521 1434 nudum
544 1391 615 1435 eum
637 1369 793 1446 incedere,
814 1369 1049 1455 chlamydeque
1067 1368 1217 1435 indutum
1239 1394 1350 1457 parra,

396 1470 637 1557 invelatumque
651 1484 778 1545 caetera,
789 1470 994 1534 humerorum
1010 1492 1159 1534 cacumen
1174 1472 1351 1550 obnubere,

396 1570 464 1634 sine
478 1594 595 1657 magno
605 1572 670 1637 risu
684 1570 844 1658 Cypridis,
855 1593 917 1635 non
929 1572 1086 1636 sinebant.
1124 1572 1241 1657 Cypria
1254 1574 1353 1655 eninr,

398 1695 473 1759 quar
488 1673 629 1737 mixtura
648 1672 931 1759 interpretabatur,
947 1675 1059 1758 rigens
1077 1673 1109 1735 in
1125 1672 1179 1745 eis,
1196 1674 1252 1758 qui
1268 1676 1352 1758 sapi-

398 1774 494 1837 entiae
523 1786 556 1837 et
585 1772 775 1859 eloquentior
804 1773 947 1837 mixtura
975 1771 1180 1849 condiuntur,
1210 1774 1351 1852 inermis,

399 1873 506 1951 nudae,
522 1888 727 1961 ventosisque
741 1874 899 1939 sneundiae
919 1874 1044 1939 deridet
1064 1874 1207 1961 ineptias.
1254 1876 1352 1941 Latet

399 1988 505 2041 autem
529 1998 655 2041 sensum
678 1976 825 2054 bominis,
840 1998 934 2061 quem
956 1979 1061 2041 multo
1083 1981 1226 2059 capitam
1243 1988 1352 2043 metar-

400 2100 479 2143 reao
501 2081 694 2143 inhabitatio
719 2081 880 2163 deprimit,
903 2079 1013 2156 trium,
1041 2077 1178 2144 maxime
1202 2094 1353 2166 expeten-

399 2176 526 2253 dorum,
537 2200 651 2241 arcana
662 2178 1120 2265 proestantissimaquenatura.
1155 2182 1350 2246 lloecautem

401 2290 474 2339 sunt
497 2298 573 2341 vero
594 2278 730 2355 annas,
752 2280 872 2343 veritae
895 2280 1033 2357 sincero,
1053 2279 1141 2345 ratio
1162 2279 1352 2364 incorrupta

399 2386 430 2440 et
443 2385 539 2441 certo.
586 2378 713 2441 Horum
733 2391 838 2442 tamen
862 2380 955 2464 quasi
978 2378 1128 2444 olfaciens
1148 2380 1351 2445 dulcedinem

400 2490 516 2542 natura
530 2479 680 2556 hnmana,
696 2479 747 2544 cui
767 2481 857 2545 Deus
879 2482 964 2546 simu
979 2481 1010 2545 in
1035 2481 1117 2547 libro
1141 2482 1259 2568 Syrach
1275 2483 1354 2569 legi·

400 2589 464 2655 tur,
477 2584 584 2661 posuit
599 2583 721 2645 cordum
735 2600 833 2663 rrtpra
850 2602 915 2657 cor,
931 2590 968 2645 ut
987 2585 1164 2647 ostenderet
1186 2587 1353 2667 magnalia

399 2698 529 2761 operum
543 2702 685 2757 suoram,
701 2690 739 2746 ut
757 2685 952 2746 laudaretur
964 2686 1003 2747 in
1017 2684 1168 2759 tonitruo,
1183 2693 1214 2749 et
1232 2687 1353 2769 clorifi-

401 2793 534 2846 caretur
550 2788 588 2847 in
610 2784 811 2848 mirabilibus
824 2788 915 2848 auia:
945 2783 1073 2860 borum,
1088 2785 1232 2869 inquam,
1246 2785 1354 2851 dulce-

402 2880 508 2945 dinem
534 2884 683 2960 sentiens,
706 2882 829 2968 appetit
856 2904 948 2945 nosse
969 2902 1092 2957 rerum,
1114 2883 1353 2968 apprehendere

401 2982 532 3060 bonum,
548 2996 580 3048 et
600 2983 640 3056 ei,
656 3005 696 3046 ne
715 2979 917 3066 dispendium
932 2982 1086 3066 patiatur,
1101 2983 1234 3047 firmiter
1248 2984 1355 3051 adbee-

400 3104 478 3149 rere.
524 3082 703 3169 Appetitus
717 3082 799 3145 enim
817 3080 878 3157 hic,
894 3080 1083 3145 naturaliter
1104 3106 1125 3147 a
1147 3084 1219 3147 Deo
1240 3085 1354 3152 insitus

402 3200 448 3251 eet
477 3183 609 3260 bomini,
632 3184 690 3248 etsi
712 3205 771 3270 per
792 3195 952 3259 naturam,
975 3182 1042 3246 sine
1066 3188 1181 3269 gratia,
1204 3186 1355 3271 perlicere

402 3308 466 3349 non
481 3284 591 3371 possit.
632 3284 729 3349 Unde
745 3297 810 3348 tres
826 3304 957 3359 sorores,
972 3282 1053 3348 filias
1069 3285 1248 3367 Phronesis,
1262 3288 1355 3354 iabu-

400 3387 471 3451 losa
486 3386 638 3452 Gentium
655 3386 748 3451 linxit
770 3385 954 3471 antiquitas,
971 3383 1193 3472 Philologiam,
1210 3388 1354 3454 Philoso-

405 3488 526 3575 phiam,
540 3502 573 3555 et
591 3488 806 3553 Philocaliam.
845 3486 956 3550 Genus
972 3486 1187 3573 Philosophiae
1201 3502 1234 3553 et
1250 3490 1356 3554 Philo-

404 3588 494 3653 caliae
503 3591 715 3674 Augustinus,
728 3586 915 3671 Philologiae
927 3586 1183 3662 Marcianus,sed
1194 3594 1356 3672 cognatio·

407 3711 477 3753 nem
489 3690 597 3765 trium,
608 3688 726 3753 indicat
740 3688 893 3774 AEsopus.
929 3690 1019 3773 Ergo
1029 3688 1107 3774 quia
1115 3710 1221 3752 reram
1233 3690 1357 3755 bonita-

406 3804 482 3871 tem,
493 3790 690 3876 sapientiam,
701 3793 868 3864 rationem,
877 3788 935 3852 etsi
948 3788 1088 3873 polliceri
1100 3788 1160 3853 sibi
1172 3805 1357 3877 arroganter

399 3914 468 3958 *non
484 3891 612 3969 audeat,
623 3892 751 3956 affectat
767 3904 871 3956 tamen
888 3889 1102 3953 indesinenter
1115 3890 1255 3955 bumana
1268 3892 1357 3956 infir·

407 3989 1357 4073 mitas‚rerseturinamcreistorum,donecamorisexercitio

405 4115 462 4179 per
474 4093 619 4178 gratiam,
628 4115 679 4157 res
690 4095 785 4177 ipsas,
796 4112 876 4177 quas
885 4088 1262 4175 desiderat,assrqnatrrr.
1288 4090 1357 4155 llas

407 4196 535 4281 quidem
559 4194 740 4258 affectiones
765 4191 933 4255 Phronesis
957 4191 1052 4277 parit,
1074 4192 1151 4276 quia
1173 4212 1277 4273 sapor,
1297 4192 1355 4276 qui

406 4297 554 4361 humanae
574 4308 697 4361 naturae
718 4292 882 4371 dulcescit,
897 4292 938 4355 ad
954 4291 1020 4356 veri
1043 4291 1182 4374 bonique
1203 4304 1356 4374 provocat

406 4398 595 4482 appetitum.
641 4395 723 4458 Nam
748 4397 838 4478 agarai
857 4392 971 4456 Graece
990 4390 1108 4455 dieitur
1131 4386 1235 4472 sapio:
1267 4392 1357 4476 quod
