3625 5317
382 820 459 867 cnr.
476 800 620 881 mun]
756 817 998 865 unrnnoorcns.
1283 806 1343 865 197

385 972 450 1037 bus
465 971 631 1036 veritatem
648 981 718 1035 toto
732 982 860 1054 pectore
880 969 1080 1055 deprecatur.
1124 970 1208 1033 Haec
1225 966 1340 1053 ntique

382 1073 516 1138 aliunde
538 1094 601 1136 non
628 1072 786 1158 provenit,
808 1094 905 1159 quam
931 1072 957 1135 si
979 1071 1090 1156 aliqua
1115 1068 1201 1135 stilla
1221 1069 1339 1135 divinae

384 1174 561 1263 sapientias,
577 1194 634 1259 per
648 1174 762 1259 gratim
781 1172 1007 1260 eliquationem
1022 1175 1157 1259 seipsam
1177 1171 1339 1253 infundat,

384 1288 419 1341 et
441 1289 578 1341 mentem
604 1298 637 1340 se
662 1276 836 1363 quaerentis
859 1288 891 1339 et
917 1274 1052 1339 amantis
1075 1273 1223 1339 illustret.
1269 1274 1339 1340 Ista

384 1378 544 1465 siquidem
571 1390 619 1441 est
643 1378 734 1463 virgo
764 1378 906 1452 suntuna,
933 1376 1020 1441 unde
1046 1376 1228 1440 Martianus
1254 1399 1337 1462 prae·

382 1482 512 1545 missam
527 1481 637 1546 asserit
653 1503 780 1545 manare
796 1480 972 1545 veritatem.
1014 1476 1105 1542 Nihil
1120 1478 1204 1542 enim
1220 1480 1338 1543 veraci-

384 1594 434 1647 ter
451 1582 630 1658 innotescit,
646 1582 706 1647 nisi
724 1582 765 1647 de
787 1580 981 1665 scaturigine
1001 1579 1098 1645 fontis
1118 1579 1226 1665 hujus.
1271 1579 1336 1644 Sed

381 1706 440 1749 nco
464 1684 596 1770 aliquod
622 1684 738 1749 salsum
765 1683 840 1748 inde
865 1693 1002 1758 emanat,
1025 1680 1177 1767 quoniam
1202 1682 1334 1747 fontana

381 1784 449 1864 illa,
470 1808 564 1872 quam
587 1786 705 1872 poetici
729 1786 814 1850 nube
835 1783 981 1868 figmenti
1002 1782 1148 1860 involvit,
1163 1780 1255 1868 virgo
1275 1794 1335 1861 est,

381 1898 416 1951 et
432 1886 532 1951 totius
546 1886 760 1972 corruptionis
774 1896 807 1951 et
822 1883 971 1950 falsitatis
985 1882 1104 1967 ignaro.

398 2186 481 2275 Cap.
497 2194 549 2255 37.
573 2192 773 2277 Differemio
786 2208 893 2253 corum
909 2208 975 2271 qua
991 2210 1062 2253 aare
1074 2197 1166 2267 sunt,
1179 2198 1210 2254 et
1225 2208 1297 2271 quc

539 2292 692 2355 videntur
706 2313 780 2371 esec,
794 2292 970 2355 meandum
985 2292 1175 2356 Platonicos.

425 2424 546 2488 omas
560 2436 667 2487 autem
690 2445 749 2504 res,
763 2421 880 2487 divinae
901 2422 1110 2509 simplicitatis
1123 2422 1236 2487 oculus
1255 2442 1330 2487 oon-

380 2524 565 2612 templatur,
591 2534 629 2589 ut
658 2525 686 2588 ei
716 2548 772 2589 nec
801 2524 915 2590 sutura
942 2526 1058 2605 desint,
1082 2548 1140 2590 nec
1167 2525 1331 2613 praeterita

380 2626 559 2693 elabantur.
587 2629 838 2693 *Cohaereotiam
862 2650 981 2707 rerum,
1001 2640 1034 2691 et
1054 2626 1327 2691 discohaerentiam

377 2742 501 2814 pensat,
515 2741 547 2792 et
563 2740 627 2792 tarn
644 2726 684 2792 de
699 2728 737 2792 iis
755 2750 829 2812 quae
845 2742 931 2807 sunt,
946 2750 1040 2814 quarn
1062 2727 1102 2790 de
1117 2728 1156 2791 iis
1174 2750 1250 2813 quae
1264 2748 1327 2790 non

377 2843 464 2909 sunt,
477 2842 600 2895 certum
620 2840 653 2893 et
673 2828 767 2893 fidele
789 2840 914 2893 exercet
932 2828 1111 2913 judicium:
1138 2838 1171 2892 et
1193 2852 1266 2914 quas
1285 2828 1327 2892 ab

376 2928 468 2996 initio
482 2932 573 3011 vidit,
587 2931 663 3017 quia
681 2952 743 2994 non
765 2943 967 3010 evanescunt,
981 2929 1075 2994 firma
1096 2943 1181 3005 sunt,
1197 2942 1229 2993 et
1252 2950 1328 2993 vora

376 3032 540 3100 dicuntur.
591 3034 656 3097 Hae
685 3031 799 3117 utique
828 3043 903 3094 sunt
926 3030 1136 3115 cogitationes
1157 3029 1324 3108 Altissimi‚

376 3157 513 3223 quarum
528 3132 780 3221 profunditatem
797 3154 889 3195 nemo
905 3130 1019 3197 sufficit
1035 3131 1211 3219 explicare:
1244 3133 1325 3197 Haec

374 3236 482 3321 verba,
496 3258 572 3324 quae
592 3234 686 3299 semel
707 3234 793 3299 diota
813 3247 899 3315 sunt,
914 3234 969 3300 aed
991 3256 1138 3322 processu
1162 3236 1326 3321 temporis,

374 3361 434 3426 pro
449 3337 566 3404 divinae
580 3336 798 3425 dispositionis
820 3336 959 3417 decreto,
974 3336 1007 3401 in
1030 3351 1136 3401 actum
1151 3337 1324 3423 prodeunt.

375 3438 459 3515 Quis
478 3453 614 3506 mentem
638 3439 699 3505 Dei
722 3435 838 3504 dixerit
861 3440 1006 3515 otiosam,
1029 3455 1061 3503 et
1082 3460 1146 3503 non
1167 3439 1209 3504 ab
1230 3439 1323 3504 initio

373 3542 479 3608 omnia
499 3541 766 3629 contemplatam?
799 3540 832 3605 Si
854 3563 931 3626 ergo
953 3564 1037 3618 vera,
1060 3540 1153 3626 quasi
1174 3540 1321 3627 quadam

373 3643 514 3728 cogitata
539 3642 602 3709 Dei
633 3653 725 3709 sunt:
758 3643 831 3727 quis
856 3642 923 3720 illa,
948 3642 1008 3707 nisi
1035 3657 1322 3729 presumptuosus,

371 3744 573 3810 affirmaverit
587 3748 791 3809 evanescere?
815 3758 871 3810 aut
884 3743 958 3831 quis
967 3768 1005 3809 ea
1015 3766 1078 3809 non
1090 3767 1213 3831 semper
1223 3744 1322 3809 fuisse

372 3847 404 3909 in
427 3859 532 3911 mente
555 3846 635 3933 ejus,
652 3845 710 3932 qui
733 3846 773 3909 ab
796 3859 916 3910 mterno
936 3847 1082 3911 universa
1102 3846 1271 3933 disposuit,
1287 3860 1320 3911 et

369 3944 471 4019 scivit,
484 3945 600 4010 audeat
616 3946 777 4033 profiteri?
802 3947 959 4034 Nunqnid
975 3960 1007 4013 et
1021 3948 1074 4012 ille
1089 3970 1186 4012 novas
1201 3948 1321 4032 cogita-

370 4048 471 4111 tiones
484 4047 635 4132 concipit,
650 4060 682 4111 et
698 4068 778 4111 nova
794 4070 880 4112 more
897 4060 1005 4113 nostro
1019 4049 1079 4113 init
1093 4048 1245 4115 consilia?
1272 4050 1318 4111 Et

368 4146 442 4212 licet
458 4146 526 4211 haec
540 4148 581 4211 ab
601 4161 721 4212 aeterno
738 4148 857 4214 suerint
879 4172 965 4229 vera,
981 4173 1042 4214 uon
1066 4163 1170 4216 tamen
1193 4149 1317 4234 aliquid

368 4248 503 4313 creatori
522 4247 641 4313 dicitur
663 4262 874 4315 coaeternum:
902 4252 990 4338 quia,
1006 4265 1041 4317 ut
1065 4252 1186 4316 dictum
1202 4265 1261 4325 est,
1277 4249 1319 4312 ad

369 4350 560 4437 parilitatem
585 4352 654 4438 ejus
676 4352 754 4415 nihil
777 4353 905 4417 omnino
928 4374 1118 4438 consurgere
1141 4364 1258 4437 potest,
1279 4351 1319 4415 si·

366 4451 496 4537 quidem
518 4453 618 4540 ipsius
641 4468 702 4530 est,
719 4468 754 4519 ut
778 4453 846 4517 lroec
867 4456 937 4539 ipsa
957 4477 1031 4518 vera
1052 4454 1125 4531 siut,
1142 4466 1197 4518 aut
1220 4469 1316 4520 certa.
