3625 5317
426 774 497 818 cue.
514 755 563 835 m]
775 770 1018 817 unrsnoolcos.
1318 760 1377 819 ltu

425 922 514 1009 quod
537 943 613 985 vero
639 919 731 984 focile
759 919 947 1004 adquiescit,
970 935 1001 985 et
1027 921 1143 986 fulsum
1169 938 1374 1008 aspernatur:

425 1026 486 1088 hoc
514 1036 621 1089 eutem
651 1022 789 1107 primurn
820 1044 840 1087 e
868 1036 985 1087 netum
1009 1023 1125 1099 oritur,
1150 1046 1209 1111 per
1232 1024 1375 1093 fomitem

424 1128 542 1191 innstae
561 1123 713 1197 rationis3
736 1122 851 1188 deinde
871 1123 1037 1190 affectione
1058 1125 1144 1205 boni,
1156 1137 1191 1190 et
1205 1148 1275 1205 usu,
1289 1128 1376 1192 vivs„

425 1230 493 1294 cius
513 1226 714 1293 convalescit.
758 1226 846 1292 Usus
871 1226 1000 1311 quidem
1024 1225 1212 1293 exercitium
1233 1229 1375 1307 roboret,

425 1330 575 1417 paritque
599 1326 783 1394 fucultatem
814 1329 972 1413 probandi
1001 1341 1034 1394 et
1063 1330 1265 1395 examinandi
1291 1331 1375 1397 verit

424 1432 552 1497 facilius
566 1445 682 1509 tumen,
692 1442 724 1493 et
738 1428 933 1515 expeditius,
945 1431 972 1495 si
987 1431 1065 1497 artis
1080 1444 1376 1518 proeoeptorutnquc

424 1532 613 1619 compendio
633 1530 797 1597 solidetur.
844 1530 906 1595 Sed
925 1532 998 1597 licet
1018 1553 1103 1597 nunc
1121 1531 1163 1596 ud
1178 1554 1223 1611 se,
1236 1556 1320 1599 nunc
1331 1534 1375 1599 ed

425 1636 560 1700 alterum
590 1632 754 1717 contingat
782 1630 906 1697 utiliter
940 1632 1092 1710 exerceri,
1120 1632 1249 1698 oolletio
1276 1635 1376 1699 rnedi-

426 1734 546 1802 tatione
562 1734 687 1799 videtur
701 1731 819 1797 utilior.
850 1733 899 1796 Ut
913 1733 997 1797 enim
1010 1732 1130 1798 ferrum
1145 1736 1230 1799 [erro
1241 1735 1376 1816 acuitur,

425 1838 471 1902 sic
485 1837 525 1901 ud
542 1858 649 1901 vocem
670 1834 813 1911 ulterius,
828 1835 987 1919 contingit
1005 1836 1147 1900 animum
1166 1835 1377 1922 oolloqoentis

425 1939 550 2005 acutius
577 1954 611 2004 et
639 1937 796 2005 efficacius
824 1938 972 2003 exciteris
1001 1937 1057 2003 sed
1086 1938 1225 2003 maxime
1249 1942 1277 2004 si
1301 1961 1375 2005 eunt

426 2040 568 2126 sapiente
591 2050 649 2104 sut
674 2036 817 2103 modesto
838 2060 942 2103 sermo
963 2038 1148 2117 conseritur,
1172 2038 1314 2127 alioquin
1340 2062 1376 2105 os

425 2140 527 2220 stulti,
535 2139 623 2226 quod
634 2137 748 2205 ebullit
763 2137 945 2219 stultitiam,
952 2152 986 2203 et
998 2152 1177 2225 protervus,
1189 2139 1245 2226 qui
1253 2139 1377 2205 modes·

425 2243 503 2307 tisnt
518 2243 629 2317 nescit,
642 2261 704 2303 non
720 2251 785 2304 tem
800 2238 894 2304 l'eoile
904 2238 1032 2324 ingenie
1045 2237 1305 2317 adolescentium,
1317 2240 1375 2327 qui

425 2342 497 2407 nliis
510 2364 568 2429 per
589 2340 796 2407 imitationem
817 2353 973 2427 oppetunt
994 2340 1197 2418 conformari,
1211 2340 1375 2419 erudiunt,

425 2466 522 2532 quum
553 2457 760 2531 pervertunt:
799 2464 861 2507 non
899 2443 1072 2508 informant
1105 2443 1146 2508 ad
1171 2443 1284 2522 vitam,
1316 2466 1375 2509 neo

425 2552 589 2614 instruunt
618 2546 658 2611 sd
690 2545 863 2621 scientium,
894 2546 951 2612 sed
974 2546 1136 2612 infatuant
1163 2545 1313 2622 animem,
1341 2560 1374 2613 et

425 2652 568 2716 toxicant
592 2648 743 2735 linguam.
790 2650 905 2734 ltsqne
934 2649 1007 2715 licet
1033 2649 1114 2714 nihil
1138 2649 1240 2733 mugio
1263 2664 1376 2715 mutue

425 2750 591 2819 collatione
616 2752 733 2838 prosit;
764 2773 826 2816 non
853 2764 901 2815 est
927 2764 1130 2815 tamencum
1155 2748 1241 2813 omni
1265 2750 1376 2835 dispu-

424 2853 570 2933 tandum,
583 2876 687 2939 neque
701 2865 811 2917 contre
833 2849 1010 2936 quemlibet
1022 2849 1274 2915 exercitandum.
1312 2850 1376 2913 Ne·

424 2978 510 3021 cmss
525 2966 574 3020 est
589 2954 685 3030 enim,
697 2966 732 3018 ut
744 2952 790 3017 nit
800 2950 997 3027 Aristoteles,
1008 2963 1119 3015 contro
1129 2950 1254 3035 aliquus
1261 2972 1376 3036 prnrns

424 3058 491 3122 lieri
507 3055 676 3120 orationes.
720 3055 803 3119 Num
825 3066 937 3117 contre
950 3074 1035 3131 eum,
1050 3052 1107 3139 qui
1122 3051 1252 3116 omnino
1273 3064 1375 3120 tentet

426 3158 525 3223 rideri
555 3155 734 3243 perfugere,
759 3157 884 3242 justum
923 3155 1051 3242 quidem
1087 3156 1217 3219 omnino
1253 3165 1375 3221 tentore

424 3259 641 3346 syllogismum
665 3258 788 3334 incere3
813 3280 874 3322 uon
896 3257 1066 3343 pulchrum
1086 3270 1207 3332 eutem,
1227 3258 1374 3344 eoquod

424 3384 486 3427 uon
501 3372 626 3447 oportet
637 3360 807 3427 consistere
818 3360 926 3423 stetim
935 3371 1046 3424 eontra
1057 3358 1235 3445 quoslibett
1250 3382 1375 3425 necesse

425 3476 473 3528 est
497 3463 580 3527 enim
604 3460 796 3525 laboriosum
827 3482 1002 3524 sermonem
1025 3461 1181 3525 occidere:
1215 3483 1288 3525 nem
1317 3461 1375 3547 qui

425 3558 589 3625 exercitati
609 3572 695 3631 sunt,
715 3580 777 3622 non
801 3570 934 3643 possunt
954 3558 1112 3622 abstinere
1126 3580 1146 3621 s
1160 3557 1376 3644 disputatione

426 3661 602 3727 certatoria.
647 3660 709 3727 Sed
726 3682 784 3725 nec
799 3660 933 3747 ubique,
948 3682 1006 3724 nee
1021 3681 1155 3746 semper,
1170 3682 1227 3724 neo
1241 3659 1283 3725 de
1296 3682 1376 3747 quo-

425 3764 499 3829 libet
528 3763 769 3850 disputandum.
823 3764 903 3827 Sunt
929 3762 1012 3825 enim
1038 3760 1144 3848 pluro,
1166 3786 1241 3849 quae
1267 3762 1377 3850 dispu-

425 3866 576 3929 tationem
592 3886 654 3928 non
667 3864 858 3929 admittunt:
875 3877 950 3928 sunt
962 3886 1038 3949 quae
1049 3864 1203 3929 humanus
1216 3865 1376 3930 excedunt

425 3969 571 4042 rationes,
587 3976 760 4031 sitantum
781 3965 855 4029 fidei
877 3980 1111 4031 consecrentur.
1158 3968 1238 4032 Sunt
1254 3981 1286 4031 et
1302 3990 1376 4052 quae

424 4064 639 4150 interrogante
661 4088 752 4149 seque
774 4087 812 4127 ec
832 4065 1043 4151 respondente
1062 4067 1215 4131 ridentur
1234 4065 1375 4150 indigno,

425 4176 456 4229 et
472 4188 536 4245 eos,
551 4165 607 4251 qui
623 4165 655 4229 in
672 4164 790 4228 talibus
810 4163 974 4241 dimicent,
995 4176 1051 4230 out
1071 4166 1227 4250 desipere,
1241 4178 1298 4229 eut
1313 4186 1374 4228 non

426 4267 566 4352 sapuisse
592 4266 795 4330 convincunt.
849 4266 931 4330 Huic
953 4277 1059 4330 nutem
1086 4280 1173 4344 sunt,
1194 4287 1269 4349 quoe
1298 4264 1373 4328 scitu

425 4388 487 4431 non
510 4366 688 4441 conferunt,
711 4378 742 4429 et
765 4366 912 4449 ignoratn
933 4388 995 4427 non
1020 4365 1156 4429 lredunt:
1187 4368 1225 4427 iis
1246 4386 1372 4451 operum
