3625 5317
654 800 732 848 rim
747 803 861 848 snncm
877 803 1008 848 runnu
1024 803 1119 850 cnsr.
1294 790 1357 847 878

407 975 539 1035 regnum
563 957 757 1021 Francorum
774 956 928 1036 diligebat
949 956 1148 1020 ethonorem
1171 954 1356 1038 apostolice

409 1054 503 1116 sedis.
549 1056 720 1119 Miseratus
738 1057 835 1118 etiam
856 1057 1042 1136 huglicenae
1063 1056 1210 1117 ecclesiae
1233 1054 1358 1117 desola-

409 1155 540 1228 tionem,
568 1156 747 1220 Willclmus
772 1157 967 1218 Sencncnsis
990 1155 1190 1218 venerandus
1215 1155 1359 1229 antistes,

409 1255 519 1318 sedem
541 1258 747 1339 apostolicam
771 1259 859 1339 petiit
884 1269 916 1320 et
937 1279 957 1319 a
975 1259 1123 1319 Romana
1144 1256 1280 1319 ecclesia
1298 1256 1360 1318 im·

409 1356 554 1436 pennalt,
570 1367 604 1418 ut
619 1377 677 1418 rex
694 1358 865 1436 Auglornm
882 1357 968 1417 omni
985 1357 1199 1437 appellatione
1214 1368 1359 1417 cessante

410 1456 618 1538 subjiceretur
634 1457 827 1518 anathemati
844 1468 874 1518 et
884 1478 1018 1535 regnum
1029 1456 1207 1533 interdicto,
1222 1456 1283 1517 nisi
1292 1476 1361 1538 pax

411 1557 652 1620 Cantuaricnsis
675 1558 821 1621 ecclesie
847 1557 1042 1622 redderetur.
1088 1558 1216 1620 Interim
1244 1578 1359 1638 procu-

409 1660 554 1722 rantibus
577 1660 639 1737 bis,
660 1661 715 1744 qui
739 1661 886 1724 ecclesie
909 1681 1022 1744 pacem
1045 1660 1189 1732 oderant,
1214 1661 1362 1740 Rogcrus

409 1761 626 1824 Eborsccnsis
637 1762 899 1845 archiepiscopus
914 1764 947 1825 in
961 1762 1124 1845 provincia
1136 1761 1361 1825 Cantueriensi

411 1873 486 1945 post
507 1860 756 1943 prohibitionem
780 1863 903 1926 domini
927 1885 1019 1945 papae
1042 1873 1151 1926 contra
1172 1861 1361 1943 dignitatem

412 1965 653 2028 Cantuariensis
675 1966 823 2028 ecclesie
846 1976 879 2029 et
900 1967 1063 2049 antiquam
1084 1963 1361 2037 consuetudinem,

414 2066 593 2127 Henricum
609 2066 710 2129 filium
727 2068 808 2147 regis
830 2089 982 2130 coronare
1001 2069 1192 2151 praesumsit,
1212 2067 1361 2128 assisten-

411 2167 497 2229 tibus
512 2167 572 2229 sibi
589 2169 795 2246 suffraganeis
808 2190 865 2232 nec
877 2171 1125 2251 protestantibus
1135 2169 1191 2253 jus
1203 2169 1363 2230 Dorober·

412 2269 521 2329 nensis
543 2269 697 2331 ecclesiae.
741 2269 970 2351 Multipllcntis
993 2291 1069 2350 ergo
1090 2269 1215 2353 injuriis
1237 2269 1270 2330 'et
1292 2290 1362 2352 per·

414 2368 509 2430 versis
518 2367 702 2430 homiuibus
713 2370 867 2450 patientia
880 2370 998 2434 Christi
1009 2390 1136 2452 semper
1147 2370 1364 2438 abutentibus,

413 2470 515 2550 magis
531 2491 570 2533 ac
585 2473 686 2552 magis
701 2471 733 2532 in
750 2493 855 2552 regem
871 2483 903 2534 et
918 2493 992 2533 suos
1003 2473 1173 2554 multiplex
1188 2482 1220 2533 et
1232 2485 1318 2533 certa
1332 2481 1365 2534 et

413 2571 476 2634 cita
498 2573 705 2635 comminatio
728 2571 934 2654 procedebat.
986 2574 1195 2654 Instabatque
1217 2592 1363 2653 percmp-

414 2672 514 2734 torius
537 2671 617 2744 dics,
634 2684 669 2734 ut
691 2673 850 2734 sententia
872 2673 1006 2732 ulterius
1025 2670 1142 2731 differri
1161 2691 1224 2731 non
1244 2682 1365 2752 posset.

414 2773 563 2834 Arctatus
582 2773 689 2852 itaque
709 2793 766 2832 rex
788 2771 953 2834 severitate
974 2771 1140 2847 canouica,
1159 2770 1291 2833 tandem
1312 2793 1364 2833 nc-

414 2871 536 2956 quicrit
565 2882 600 2932 ut
628 2891 694 2951 pax
730 2870 918 2951 Anglicauae
947 2870 1094 2932 ecclesiae
1130 2871 1362 2935 reformaretur.

415 2972 527 3051 Regna
543 2970 650 3053 itaque
666 2970 775 3050 gavisu
790 2979 876 3043 sunt,
893 2968 1023 3031 cunctis
1042 2968 1249 3031 credentibus
1268 2991 1365 3050 nego·

416 3073 495 3134 tium
512 3071 620 3152 potius
636 3071 787 3132 veraciter
802 3070 851 3150 agi
866 3091 962 3151 quam
973 3070 1105 3149 concipi
1120 3070 1285 3133 simulate:
1307 3069 1365 3132 sed

415 3171 494 3255 qnid
505 3170 874 3252 egereturaquibusdam
885 3170 931 3231 rei
942 3170 1049 3231 exitus
1056 3169 1238 3232 declaravit.
1254 3170 1363 3233 Ponti·

415 3271 469 3332 lex
485 3272 569 3332 enim
586 3270 714 3344 Christi,
730 3291 771 3331 ex
785 3269 847 3330 fide
865 3290 923 3332 sua
934 3268 1069 3330 metiens
1080 3269 1173 3344 alios,
1187 3269 1227 3331 de
1240 3281 1366 3332 contra-

414 3370 566 3432 hentibus
596 3391 705 3432 secum
734 3371 865 3432 meliora
894 3371 1052 3451 sperabat.
1097 3371 1143 3431 Et
1172 3371 1248 3433 licet
1272 3372 1365 3433 multi

417 3469 638 3531 dissuaderent
660 3491 701 3531 nc
724 3469 825 3531 redire
841 3478 1057 3552 praesumeret,
1080 3467 1141 3530 nisi
1162 3491 1228 3551 pax
1244 3471 1363 3533 certius

417 3569 601 3644 firmaretur,
623 3569 799 3651 periculum
827 3579 932 3630 tamen
953 3578 1098 3629 metuens
1115 3569 1301 3643 animarum,
1321 3569 1364 3632 ad

416 3669 1366 3753 ecclesiamsunmregesibipraestanteconductum,septimo

417 3770 507 3832 exilii
523 3791 607 3832 anno
624 3791 765 3834 reversus
780 3783 837 3848 est,
852 3780 884 3832 et
900 3791 919 3832 a
934 3772 1019 3832 clero
1035 3780 1067 3832 et
1086 3772 1207 3852 populo
1219 3784 1366 3855 receptus

417 3884 568 3953 tanquam
585 3873 718 3950 angelus
733 3873 874 3934 Domini.
920 3873 1025 3942 Quum
1039 3893 1111 3934 vero
1123 3872 1271 3936 dominus
1283 3895 1368 3955 papa

419 3971 583 4053 praesatam
590 3969 657 4052 jam
670 3969 749 4033 dicti
762 3971 978 4034 Eboracensis
990 3983 1023 4034 et
1032 3974 1256 4054 episcoporum
1270 3974 1323 4055 qui
1336 3976 1368 4035 ei

417 4071 603 4134 adstiterant
612 4073 881 4152 praesumtionem,
897 4085 1010 4136 sancto
1021 4074 1146 4135 Thorne
1158 4075 1366 4156 conquirente

419 4171 583 4248 audiisset,
611 4184 672 4235 tam
698 4173 937 4236 Eboreccnscm
964 4174 1239 4255 arehiepiscopum
1270 4195 1364 4255 quam

418 4272 562 4334 faventes
577 4274 605 4332 ei
622 4273 794 4355 episcopos
809 4275 849 4334 ab
866 4275 1042 4357 episcopali
1062 4273 1228 4355 suspendit
1250 4275 1366 4348 officio,

419 4382 449 4434 et
475 4373 653 4434 Gilbertum
681 4373 937 4438 Loudouicnscrn
959 4386 991 4436 et
1011 4374 1193 4436 docelinum
1216 4374 1367 4437 Saresbc-
