3625 5317
761 806 984 853 aaraarrcos.
1288 798 1352 873 245

394 960 475 1022 Haeo
489 956 562 1021 ideo
578 968 701 1021 veteres
716 958 853 1045 propriis
868 970 975 1023 texere
991 961 1114 1045 liguris,

477 1060 525 1124 Ut
541 1058 691 1124 meritum
707 1061 807 1144 possit
822 1062 990 1126 conciliare
1005 1062 1095 1131 tides.
1284 1070 1345 1130 190

390 1160 509 1227 Abdita
524 1182 665 1247 namque
679 1158 817 1246 placent,
834 1162 990 1229 vilescunt
1005 1167 1135 1251 cognita
1149 1163 1259 1251 vulgo,

477 1261 539 1340 Qui
555 1262 643 1349 quod
661 1262 740 1327 scire
754 1275 871 1349 potest,
889 1264 1009 1329 nullius
1024 1286 1096 1330 esse
1110 1274 1216 1351 putat.

390 1365 470 1426 Rern
486 1384 592 1425 veram
608 1374 695 1447 tegat
710 1362 870 1427 interdum
886 1363 1012 1428 fallacia
1027 1366 1128 1442 verbi,

455 1502 460 1509 ·
476 1466 564 1527 Dum
580 1485 630 1526 res
645 1484 719 1526 vera
734 1463 856 1540 subest,
872 1485 948 1527 vera
962 1464 1065 1546 ligura
1081 1480 1198 1543 manet,

388 1564 483 1630 Falsa
498 1579 603 1630 tamen
621 1565 708 1629 verbi
723 1565 815 1642 facie,
831 1566 884 1629 sed
903 1580 1009 1630 mente
1023 1566 1137 1645 fidelis,
1280 1571 1340 1637 195

474 1668 561 1730 Dum
579 1662 652 1728 lacit
668 1665 790 1728 arcanis
805 1665 900 1729 rebus
916 1664 1016 1730 inesse
1031 1667 1136 1732 fidem.

653 1767 705 1830 De
719 1768 831 1830 Furto
844 1774 876 1831 et
891 1768 1077 1833 Morot'ono.

387 1868 531 1946 Qualiter
546 1891 696 1933 arcanum
711 1864 807 1934 lateat
824 1870 885 1935 sub
900 1870 1038 1955 imagine
1052 1869 1143 1947 falsa,

473 1970 651 2046 Quaeritur:
675 1968 736 2033 hoc
752 1970 880 2035 Furvus
894 1983 992 2056 atque
1007 1970 1140 2057 Capella
1154 1971 1282 2053 docent,

385 2070 568 2134 Excutiunt
583 2091 688 2133 rerunt
704 2092 827 2150 causas,
843 2082 875 2134 et
890 2070 1013 2135 loedero
1027 2084 1176 2138 tractant.

469 2174 587 2248 Mores,
603 2170 744 2235 historiae
760 2170 834 2257 plus
849 2171 920 2251 tibi„
938 2172 966 2235 F
968 2194 1057 2249 nrve,
1073 2173 1211 2259 placent,
1272 2181 1336 2238 200

385 2275 496 2338 Sermo
510 2272 720 2338 cothurnatus
735 2272 836 2336 Furvi
852 2272 994 2340 discessit
1008 2275 1049 2339 ab
1066 2299 1138 2357 usu,

470 2376 516 2440 Et
531 2398 603 2438 raro
618 2375 736 2460 legitur
751 2398 818 2461 prae
832 2378 990 2460 gravitate
1006 2377 1067 2456 sui,

383 2474 446 2539 Sed
465 2489 568 2539 tamen
584 2474 616 2538 in
631 2496 715 2559 pago
730 2474 888 2560 Ligurino
902 2500 995 2541 carus
1009 2477 1148 2542 habetur

468 2576 544 2652 Hic,
562 2576 616 2640 ubi
632 2574 672 2639 de
687 2573 801 2639 florum
817 2576 961 2661 germina
976 2598 1089 2641 nomen
1106 2578 1212 2643 habet.

381 2682 480 2743 Hunc
495 2700 584 2741 meus
599 2700 618 2741 a
634 2676 772 2743 Conohia
788 2677 976 2743 Willelmus
990 2699 1076 2762 soepe
1089 2676 1229 2763 legebat,
1269 2684 1332 2745 205

467 2780 565 2843 Hunc
580 2779 675 2843 etiam
691 2789 797 2841 noster
812 2778 1012 2842 Pontilianus
1026 2790 1122 2841 amat.

381 2880 554 2946 Clauditur
569 2880 707 2945 archivis
722 2882 910 2958 Remorum,
925 2878 1056 2964 Belgica
1071 2880 1174 2964 prima

465 2984 565 3046 Hunc
580 2980 680 3056 dedit,
696 2996 728 3046 et
743 2980 861 3065 primas
878 2980 1060 3045 Aurelianis
1075 2980 1182 3046 habet.

378 3084 500 3151 Utilior
514 3081 637 3167 magnis
653 3083 793 3161 Furvus,
808 3080 863 3145 sed
879 3081 960 3146 lacte
976 3083 1111 3169 Capella

465 3182 594 3249 Plenior
608 3195 667 3264 est,
683 3184 789 3269 parvis
803 3183 948 3248 sensibus
961 3198 1038 3271 apta
1052 3188 1162 3272 magis.
1265 3194 1330 3257 ato

539 3286 592 3350 De
607 3290 733 3369 nuptiis
747 3288 934 3369 Philologia
948 3295 981 3352 et
993 3289 1164 3355 Mercurii.

378 3387 509 3452 Transit
524 3387 556 3451 in
573 3385 741 3472 amplexus
758 3386 925 3454 Stilbontis
939 3389 1129 3476 Philologia,

462 3490 598 3575 Hocque
614 3490 668 3576 pie
683 3490 751 3554 fieri
768 3503 875 3555 nostra
891 3492 1024 3577 Capella
1038 3493 1140 3558 docet

375 3592 558 3657 Mercurius
572 3590 673 3668 verbi,
692 3592 824 3660 rationis
838 3591 1020 3680 Philologia

462 3696 522 3758 Est
537 3705 625 3769 nota,
638 3718 712 3781 quoe
723 3696 819 3781 jungi
837 3694 1046 3782 Philosophia
1056 3698 1162 3783 jubet.

375 3794 409 3859 Si
426 3796 530 3861 Genio
544 3797 632 3863 verbi
648 3796 779 3862 rationis
795 3811 946 3884 suppetat
962 3821 1050 3876 usus,
1262 3808 1326 3871 ato

459 3897 580 3963 Uxoris
594 3898 700 3962 clarus
714 3899 790 3963 dote
806 3896 940 3963 maritus
954 3900 1029 3964 erit:
1181 3962 1184 3966 .

371 4004 415 4065 At
430 3999 490 4063 sibi
507 3999 532 4063 si
549 3998 631 4063 ratio
646 3998 740 4076 desit,
755 4020 857 4085 prope
873 3999 980 4065 nudus
995 4000 1143 4084 habetur,

458 4100 506 4163 Ut
522 4112 618 4184 queat
633 4098 797 4163 obscoenas
812 4098 865 4161 vix
880 4099 1004 4184 operire
1018 4115 1118 4168 natea.

370 4201 566 4289 conjuginm
582 4198 675 4277 felix,
690 4220 790 4285 quum
807 4212 932 4264 naturae
947 4202 1086 4267 sociatur

457 4303 579 4385 Virtus,
594 4302 647 4368 cni
663 4302 822 4369 thalamus
836 4324 925 4367 mens
939 4304 1174 4390 sapientis-erit.
1258 4310 1327 4377 22ss
