3625 5317
387 782 476 827 secr.
494 760 567 845 vu]
671 782 712 826 ns
729 781 860 825 sarram
877 780 1046 827 semesis.
1273 768 1337 829 288

386 934 589 1017 perspicuum
605 944 672 1004 est;
695 955 792 1018 quare
807 956 826 995 a
840 948 957 997 sanetae
972 934 1140 1019 scripturae
1153 931 1336 997 doctoribus

387 1034 469 1118 patri
480 1034 785 1118 assignaturunitas‚
795 1033 878 1096 Filio
887 1035 1208 1121 aequalitm,Spiritui
1219 1038 1337 1102 Sancto

386 1136 560 1209 connexim
585 1150 616 1199 et
639 1137 711 1200 licet
733 1136 773 1199 ab
790 1134 910 1200 unitate
931 1137 1083 1222 gignatur
1105 1137 1282 1223 aequalitas,
1296 1137 1337 1201 ab

388 1252 526 1323 utroque
537 1238 690 1302 connexio
702 1237 866 1323 procedat:
886 1260 984 1302 unum
998 1252 1102 1303 tamen
1113 1254 1143 1305 et
1157 1240 1240 1304 idem
1251 1255 1335 1307 sunt.

390 1340 470 1401 Haec
493 1354 539 1403 est
561 1340 614 1404 illa
633 1339 727 1404 trium
753 1338 871 1404 unitas:
902 1362 999 1425 quam
1020 1344 1117 1405 solam
1142 1342 1335 1411 adorandam

386 1464 453 1504 esse
478 1441 586 1507 docuit
611 1441 818 1527 Pythagoras
874 1441 925 1503 De
948 1464 1015 1527 qua
1040 1442 1223 1509 Marcianus
1248 1446 1338 1528 dicit,

386 1542 474 1627 quod
496 1565 597 1629 quum
617 1566 684 1607 eam
706 1544 838 1607 adorare
854 1542 948 1607 vellet
965 1543 1179 1629 philosophia,
1194 1551 1336 1615 evomuit

385 1644 521 1708 circulos
546 1657 578 1708 et
603 1645 752 1732 sphaeras.
798 1644 921 1731 Opinor
944 1644 1016 1707 ideo
1038 1666 1139 1730 quum
1167 1649 1223 1733 qui
1248 1649 1335 1714 illam

388 1768 492 1811 veram
518 1749 670 1813 unitatem
697 1748 894 1813 considerare
919 1748 1089 1829 desiderat,
1114 1749 1337 1817 mathematica

386 1848 635 1913 consideratione
645 1849 998 1936 praetermissamecesse
1009 1864 1056 1915 est
1067 1850 1107 1915 ad
1119 1851 1337 1939 intelligentiae

385 1950 618 2035 simplicitatem
631 1952 755 2016 animus
766 1974 832 2016 sese
843 1951 956 2035 erigat.
988 1951 1043 2015 Ab
1054 1950 1114 2015 hac
1124 1974 1202 2037 ergo
1212 1976 1336 2019 summa

387 2065 419 2116 et
442 2068 560 2117 aeterna
582 2056 724 2120 trinitate
748 2054 912 2119 descendit
935 2052 1082 2140 quaedam
1108 2067 1334 2141 perpetuorum

388 2155 523 2219 trinitas.
570 2157 623 2220 Ab
642 2157 764 2223 onitate
787 2177 925 2242 namque
945 2155 1107 2221 deseendit
1131 2157 1273 2237 materia,
1294 2157 1336 2221 ab

389 2253 521 2319 unitatis
550 2256 730 2342 aequalitate
759 2256 872 2334 forma,
898 2280 918 2319 a
942 2257 1135 2322 connexione
1165 2260 1335 2348 utriusque

388 2354 521 2439 spiritus
541 2369 676 2438 creatus,
691 2358 723 2422 id
740 2371 787 2423 est
803 2372 927 2425 natura.
975 2359 1055 2423 Hoec
1076 2372 1151 2422 sunt
1175 2360 1236 2424 tria
1250 2362 1335 2447 prio·

387 2457 485 2542 cipia3
502 2462 633 2544 aprimo
648 2460 802 2549 principio
813 2460 1045 2526 descendentia.
1077 2461 1175 2526 Unde
1185 2464 1336 2548 magister

388 2581 478 2621 meus
498 2560 587 2636 dicit,
603 2562 740 2647 primum
763 2562 952 2650 principium
974 2565 1146 2640 eternitas,
1162 2588 1237 2651 quoe
1258 2568 1335 2653 quia

388 2661 594 2727 immutabilis
615 2676 673 2743 est,
695 2664 812 2731 dicitur
832 2667 1020 2739 necessitas3
1053 2664 1225 2729 secundum
1248 2668 1335 2752 prin-

387 2762 523 2849 cipium:
555 2768 687 2830 materia
706 2788 781 2851 quae
802 2766 880 2851 quia
901 2777 978 2848 apta
998 2778 1045 2828 est
1068 2765 1207 2849 recipere
1228 2788 1336 2832 omnes

388 2864 516 2942 formas,
531 2866 649 2930 dicitur
669 2866 880 2951 possibilitas:
906 2865 1036 2927 tertium
1058 2864 1249 2950 principium
1272 2868 1336 2931 for·

388 2988 449 3042 ma,
465 2991 540 3053 quse
554 2968 631 3053 quia
646 2968 807 3032 materiam
829 2968 861 3031 in
881 2965 1019 3051 alicujus
1034 2979 1152 3030 statum
1177 2969 1333 3050 terminat,

388 3068 505 3133 dicitur
515 3069 665 3133 finalitas:
680 3086 831 3155 quartum
842 3068 1047 3156 principium:
1062 3068 1335 3155 spirituscreatus,

390 3170 457 3255 qui,
472 3170 549 3257 quia
568 3184 675 3235 motus
689 3185 736 3235 est
753 3194 858 3236 rernm
883 3168 1078 3248 universalis,
1095 3170 1214 3235 dicitur
1228 3187 1335 3237 aetua-

388 3269 470 3336 litas.
518 3272 699 3337 Secundum
716 3272 879 3339 Platonem
894 3294 969 3335 vero
984 3274 1150 3337 necessitas
1165 3274 1215 3338 cui
1232 3275 1333 3341 resisti

387 3395 449 3437 non
466 3388 588 3460 potest3
610 3376 756 3462 imperat.
801 3375 950 3453 Materia,
961 3376 1037 3461 quia
1052 3375 1091 3441 ad
1108 3376 1238 3443 modum
1254 3403 1334 3444 eerae

388 3472 537 3540 flexibilis
565 3477 661 3554 cedit,
692 3477 876 3543 necessitate
909 3477 1119 3564 obtemperat,
1150 3491 1188 3543 ut
1217 3480 1335 3546 formas

388 3575 528 3661 recipiat.
575 3578 713 3665 Spiritus
728 3602 802 3643 vero
821 3592 957 3653 creatus,
973 3578 1007 3643 id
1027 3592 1075 3643 est
1091 3593 1196 3645 motus
1212 3581 1336 3645 univer-

389 3679 462 3742 salis
484 3698 515 3744 et
538 3681 692 3745 naturalis
707 3682 840 3745 sormam
857 3704 963 3767 perse
982 3680 1170 3744 invisibilem
1193 3684 1335 3747 materiae

388 3802 426 3843 ex
452 3802 483 3845 se
505 3782 656 3848 invisibili
680 3783 894 3871 compaginat,
917 3797 954 3847 ut
977 3806 1019 3847 ex
1049 3783 1107 3847 eis.
1124 3785 1332 3871 compositum

388 3884 419 3945 in
436 3881 573 3967 aliquam
595 3885 802 3949 substantiam
825 3883 981 3949 actualem
998 3897 1030 3948 et
1045 3882 1233 3949 invisibilem
1251 3900 1335 3949 tran-

388 3996 463 4048 seat.
512 3984 573 4049 Hic
588 4000 695 4051 autem
713 3987 852 4072 Spiritus
868 3999 974 4050 motus
987 4002 1034 4051 est
1050 3987 1203 4052 naturalis
1217 4002 1248 4051 et
1265 3989 1335 4051 uni-

387 4087 532 4151 versalis:
557 4100 694 4172 quatuor
708 4090 863 4152 elementa
878 4087 969 4173 quasi
984 4086 1070 4172 hyle,
1083 4087 1115 4151 id
1131 4100 1179 4152 est
1194 4086 1334 4152 materiae

387 4190 555 4275 ligamenta
574 4192 747 4270 continens,
762 4188 899 4253 diffusus
915 4188 946 4251 in
961 4189 1160 4252 firmamento
1174 4208 1232 4273 per
1248 4198 1334 4251 astra

384 4292 415 4356 in
432 4291 595 4357 sublimari
611 4289 732 4355 mundo
747 4312 804 4376 per
825 4291 944 4374 ignem,
959 4310 1016 4374 per
1037 4310 1121 4367 aera,
1135 4309 1193 4372 per
1206 4308 1334 4372 aquam,

383 4416 440 4479 per
470 4406 586 4457 terram
616 4406 648 4457 et
679 4414 734 4477 per
764 4405 878 4457 caetera
907 4390 1024 4465 omniu,
1050 4412 1125 4473 quae
1150 4389 1182 4452 in
1213 4388 1334 4453 mundo
