3625 5317
498 772 540 830 50
758 782 895 829 ioannis
910 780 1190 829 amasamsnsrs
1328 769 1412 845 [ua.
1429 790 1452 833 r.

500 933 659 1012 Salomon,
668 956 729 999 non
741 932 837 997 modo
848 932 880 997 in
893 932 1004 997 eodem
1014 932 1109 1009 libro,
1116 946 1148 998 et
1158 932 1190 998 in
1199 932 1310 1001 eadem
1322 937 1452 1023 pagina,

497 1034 552 1100 sed
575 1033 670 1099 etism
693 1034 853 1099 continuis
877 1034 1031 1113 versibus,
1053 1033 1151 1098 dicit:
1183 1036 1238 1099 Ne
1258 1042 1455 1120 respondeas

496 1138 783 1203 stultosecundum
805 1136 976 1201 stultitiam
999 1158 1105 1212 mam,
1119 1158 1163 1200 ne
1182 1138 1334 1224 efficiaris
1354 1144 1387 1205 ei
1406 1146 1451 1205 ei-

496 1242 606 1306 milis:
635 1250 665 1305 et
680 1239 835 1322 responde
849 1243 948 1301 stulto
962 1238 1140 1302 secundum
1162 1239 1334 1304 stultitiam
1348 1265 1454 1325 mam,

496 1362 535 1405 ne
562 1344 623 1406 sibi
650 1344 781 1423 sopiens
808 1340 982 1404 uidentur?
1020 1340 1138 1425 ltaque
1166 1339 1288 1425 regula.²
1313 1342 1451 1411 scieudae

497 1455 583 1519 runt,
600 1456 636 1508 ut
651 1442 692 1507 ad
707 1441 778 1507 illas
792 1454 927 1517 constet,
943 1440 1023 1526 quid
1039 1440 1070 1505 in
1094 1464 1236 1507 sermone
1257 1454 1378 1509 rectum
1395 1448 1450 1529 sit,

497 1543 576 1629 quid
596 1566 722 1609 enorme
736 1567 744 1621 ;
775 1542 851 1627 quis
866 1542 926 1606 nisi
941 1540 982 1605 ad
998 1540 1153 1625 regulam,
1168 1566 1269 1629 prava
1290 1568 1353 1611 non
1376 1569 1448 1613 cor-

495 1648 591 1734 riges,
601 1646 753 1733 nulloque
763 1644 871 1710 studio
882 1646 1029 1731 ignotum
1040 1644 1253 1731 precipitium
1264 1647 1448 1719 declinabis.

497 1754 542 1817 Ar
566 1752 598 1819 in
621 1750 751 1837 regulis,
767 1749 820 1817 vix
843 1749 966 1837 aliquid
983 1748 1107 1828 utilius,
1121 1760 1179 1813 aut
1193 1752 1448 1837 compendiosius

495 1854 628 1921 dixerim
645 1876 682 1919 ea
704 1866 795 1939 parte
809 1852 939 1927 artium,
955 1874 1030 1937 quae
1051 1851 1129 1915 dum
1145 1851 1266 1935 figuras
1280 1867 1370 1920 notat
1388 1879 1447 1921 au·

495 1970 631 2031 storum,
643 1955 779 2017 virtutes
788 1966 818 2017 et
830 1953 909 2016 vitia
918 1974 1098 2015 sermonum
1109 1950 1287 2019 luculenter
1295 1956 1446 2024 ostendit.

496 2056 593 2121 Unde
604 2056 700 2119 miror
715 2076 814 2140 qnare
826 2064 993 2139 tantopere
1007 2076 1026 2117 a
1039 2054 1207 2118 coetaneis
1219 2057 1334 2121 nostris
1345 2059 1447 2144 negli-

495 2156 596 2243 gitur,
616 2176 718 2242 quum
744 2153 914 2218 utilissima
937 2154 990 2230 sit,
1010 2170 1042 2221 et
1065 2155 1388 2241 compendiosissima,
1411 2175 1444 2228 et

493 2262 560 2329 sere
574 2259 616 2324 ab
626 2257 775 2323 omnibns
786 2255 995 2341 scriptoribus
1007 2255 1104 2339 hujus
1114 2258 1194 2323 artis
1204 2257 1445 2345 diligentissime

493 2368 696 2449 pertractata.
742 2362 902 2433 Donatus,
919 2355 1061 2433 Servius,
1077 2358 1269 2438 Priscianus,
1286 2362 1444 2441 Isidorus,

494 2462 715 2537 Cassiodorus,
733 2458 822 2525 Beda
845 2468 962 2536 noster,
983 2473 1015 2523 et
1037 2459 1091 2523 alii
1113 2483 1209 2546 quam
1233 2462 1353 2547 plures,
1373 2488 1443 2529 eam

493 2563 609 2650 singuli
634 2574 783 2637 tractant,
807 2572 843 2624 ut
867 2561 926 2625 nisi
950 2583 990 2625 ex
1013 2560 1216 2647 negligentia,
1239 2563 1350 2649 ignota
1376 2590 1444 2632 esse

493 2688 554 2731 non
574 2668 684 2753 possit.
730 2662 951 2739 Quintilianus
972 2686 1103 2749 quoque
1126 2664 1203 2729 dum
1226 2665 1308 2731 banc
1330 2668 1443 2747 tradit,

492 2766 589 2835 tantis
603 2766 694 2831 effert
710 2762 886 2853 praeconiis,
902 2772 941 2829 ut
953 2767 1026 2831 sine
1046 2767 1108 2831 buc
1121 2788 1177 2831 nec
1189 2788 1305 2831 nomen
1323 2772 1445 2855 profes·

491 2871 590 2937 sionis
603 2872 689 2935 dicut
703 2874 848 2935 constare
864 2866 1093 2945 Grammatico,
1109 2874 1140 2931 et
1150 2870 1287 2951 frustra
1302 2871 1348 2935 od
1362 2875 1446 2937 arta

489 2980 642 3061 peritiam
658 2975 812 3058 aspirare.
849 2970 1029 3035 Verborum
1044 2984 1152 3035 antem
1168 2970 1357 3055 significatio
1371 2970 1445 3036 dili·

491 3074 621 3158 gentius
635 3070 825 3137 excutienda
840 3081 900 3143 est,
915 3083 946 3133 et
971 3070 1051 3157 quid
1067 3091 1171 3135 sermo
1193 3070 1325 3157 quilibet
1347 3070 1378 3134 in
1395 3092 1441 3147 se,

492 3173 571 3257 quid
593 3170 636 3234 ab
657 3168 818 3255 adjunctis
841 3169 872 3231 in
894 3182 1050 3233 contextu
1073 3168 1186 3252 possit,
1202 3171 1350 3236 solertius
1372 3193 1442 3257 per·

491 3266 711 3341 scrutandum,
738 3278 775 3331 ut
802 3264 1032 3349 sophismatum
1061 3266 1201 3342 umbras,
1226 3291 1302 3353 quae
1328 3294 1441 3338 verum

491 3367 691 3443 obnubilant,
717 3368 875 3433 discutere
901 3366 1011 3450 possit.
1057 3366 1194 3429 Dicendi
1222 3378 1328 3434 autem
1360 3375 1442 3439 ratio

490 3470 653 3560 pensanda
667 3480 727 3549 est,
741 3490 780 3533 en
794 3470 1038 3531 circumstantie
1052 3469 1220 3546 dictarum,
1231 3490 1271 3534 em
1284 3478 1442 3555 qualitate

486 3594 647 3659 personia,
662 3593 703 3637 eu
722 3571 877 3654 quolitme
892 3567 1086 3649 auditorum,
1101 3591 1141 3635 eo
1159 3572 1224 3635 loco
1237 3582 1269 3637 et
1288 3581 1440 3659 tempore,

489 3677 636 3762 aliisque,
654 3670 741 3737 varic
755 3669 861 3745 modo,
877 3670 964 3757 apud
986 3670 1168 3757 diligentem
1192 3673 1439 3761 exploratorem,

489 3775 733 3845 considerandis.
772 3774 805 3839 si
821 3772 895 3859 quis
909 3788 1016 3839 autem
1029 3775 1079 3841 his
1093 3774 1264 3861 diligenter
1278 3778 1440 3861 institerit,

488 3902 563 3967 quse
593 3878 746 3943 adversus
775 3876 837 3941 tria
875 3875 1056 3942 intellectus
1089 3879 1244 3963 repagula
1275 3880 1439 3967 proposita

488 3992 574 4059 sunt,
584 3980 762 4067 profectum
776 4000 869 4043 sunm
881 3977 915 4041 in
927 3976 1053 4062 scriptis
1063 3992 1095 4040 et
1107 3976 1201 4043 dictis
1211 3978 1436 4067 intelligendis,

487 4099 519 4151 et
534 4086 602 4171 ipse
617 4081 797 4158 mirabitur,
812 4094 843 4145 et
860 4079 931 4143 aliis
947 4078 1135 4145 venerabilis
1149 4082 1328 4167 apparebit.

488 4277 567 4361 Cap.
583 4278 635 4339 20.
661 4270 703 4335 In
717 4270 832 4354 quibus
849 4268 1099 4333 Grammaticum
1114 4276 1257 4351 oporteat
1276 4275 1436 4354 occupari.

530 4408 712 4473 Vsnssrun
734 4413 766 4468 et
788 4402 871 4467 circs
896 4400 960 4464 alia
983 4400 1200 4487 grammaticae
1226 4400 1380 4478 studium,
1402 4416 1434 4467 et
