3625 5317
413 790 481 834 oar.
500 771 568 849 nn]
762 788 1006 836 usracooroos.
1304 779 1365 839 159

412 1028 491 1109 Cap.
516 1032 546 1088 3.
573 1026 664 1093 Quod
677 1025 752 1089 liber
767 1045 829 1088 non
848 1027 1088 1091 artenusutilia
1102 1034 1149 1092 ert
1163 1030 1207 1092 od
1215 1032 1363 1115 phrasim

757 1129 1018 1209 comparandam.

457 1247 558 1311 Srcur
578 1259 686 1311 autem
707 1246 827 1331 regulae
849 1244 943 1311 utiles
963 1260 1049 1323 sunt,
1070 1261 1102 1313 et
1125 1253 1307 1315 necessariae
1320 1250 1363 1315 ad

413 1346 586 1425 scientiam,
599 1347 644 1410 sic
660 1346 741 1411 liber
755 1347 823 1411 lere
836 1345 960 1413 inutilis
974 1348 1073 1413 estad
1090 1348 1229 1436 phrasim
1244 1352 1363 1417 instru-

411 1447 538 1523 endam,
575 1470 672 1533 quam
709 1471 765 1513 nos
803 1449 890 1513 verbi
927 1449 1154 1535 supellectilem
1192 1473 1363 1537 possumus

411 1548 580 1635 appellare.
625 1552 686 1615 Est
700 1548 783 1615 enim
800 1549 924 1633 phrasis
945 1550 1111 1615 commoda
1126 1552 1214 1615 verbi
1229 1553 1364 1619 facilitas

411 1650 443 1714 in
465 1654 580 1736 quavis
601 1652 721 1735 lingua.
767 1654 858 1735 Ergo
887 1652 1018 1717 scientia
1040 1652 1222 1716 memoriter
1241 1668 1289 1718 est
1311 1655 1362 1717 fir-

412 1752 538 1830 manda,
551 1766 582 1816 et
606 1752 702 1816 verba
725 1753 878 1838 pleraque
898 1753 1096 1839 excerpenda
1111 1766 1204 1817 sunt:
1227 1777 1265 1817 ea
1278 1755 1362 1819 enim

411 1852 506 1918 debet
521 1876 587 1917 esse
609 1853 862 1939 philosophantis
881 1853 1018 1933 cautela,
1033 1867 1070 1918 ut
1087 1854 1254 1918 verborum
1270 1855 1363 1920 intel·

411 1954 506 2020 lectui
516 1978 639 2040 semper
647 1957 784 2034 insistat,
794 1969 826 2020 et
838 1970 956 2041 praeter
964 1956 1024 2020 hoc
1034 1956 1205 2042 diligenter
1213 1971 1363 2043 excerpat

413 2056 519 2131 verba,
545 2078 620 2141 quae
642 2056 705 2120 alio
726 2056 891 2121 commode
913 2057 1158 2133 transferuntur,
1178 2072 1210 2122 et
1226 2080 1362 2143 quornm

413 2171 518 2241 potest
547 2180 614 2221 esse
636 2156 835 2243 frequentior
857 2180 946 2223 usus.
992 2158 1133 2243 Reliqua
1156 2174 1364 2243 coaequantur

412 2258 498 2323 loliis
520 2259 586 2325 sine
608 2260 730 2341 fructu,
750 2276 781 2325 et
805 2260 847 2323 ob
870 2262 931 2324 hoc
952 2272 1009 2325 aut
1031 2259 1205 2338 calcantur,
1226 2271 1284 2327 aut
1305 2285 1364 2328 sua

410 2360 637 2446 relinquuntur
659 2360 690 2424 in
721 2362 843 2425 arbore.
889 2360 985 2429 Unde
1007 2362 1064 2447 qui
1086 2362 1291 2429 Aristotelem
1314 2387 1362 2429 sc·

409 2472 566 2547 quantur,
583 2464 616 2526 in
638 2463 820 2528 turbatione
843 2464 1005 2527 nominum
1021 2477 1055 2529 et
1071 2465 1252 2542 verborum,
1267 2478 1300 2530 et
1314 2465 1362 2530 in·

411 2564 523 2629 tricata
537 2564 725 2643 subtilitate,
743 2578 779 2629 ut
794 2587 887 2629 suum
905 2565 1084 2639 vendicent,
1097 2565 1231 2631 aliorum
1245 2566 1363 2631 obtun-

410 2665 493 2729 dunt
523 2665 659 2749 ingenia,
695 2679 820 2753 partem
853 2665 1020 2751 pessimam
1057 2666 1135 2730 mihi
1163 2666 1362 2752 praeelegisse

410 2768 571 2843 videntur,
594 2789 660 2853 quo
682 2766 813 2851 quidem
838 2767 918 2831 vitio
946 2765 1101 2850 Anglicus
1130 2781 1237 2833 noster
1258 2767 1362 2832 Adam

411 2869 490 2935 mibi
512 2891 579 2954 prae
601 2868 727 2935 crateris
749 2867 837 2932 risus
855 2882 904 2931 est
919 2867 1093 2942 laborasse,
1106 2868 1140 2931 in
1157 2867 1250 2945 libro,
1265 2889 1361 2951 quem

409 2985 508 3035 artem
524 2968 698 3035 disserendi
714 2966 884 3053 inscripsit.
927 2969 973 3031 Et
988 2970 1117 3032 utinam
1131 2970 1209 3033 barse
1222 2969 1363 3047 dicam

409 3075 489 3137 bona
509 3092 586 3154 quoe
607 3071 713 3136 dicit:
736 3082 770 3133 et
785 3067 860 3133 licet
882 3067 1053 3133 familiares
1072 3068 1143 3153 ejus
1163 3082 1196 3134 et
1210 3069 1364 3149 fautores,

411 3174 470 3237 boc
485 3170 659 3237 subtilitati
672 3170 848 3247 ascribunt,
863 3168 994 3255 plurimi
1011 3183 1117 3234 tamen
1140 3170 1201 3235 hoc
1220 3193 1260 3235 ex
1279 3168 1361 3235 desi·

408 3275 531 3361 pientia
554 3274 604 3337 vel
630 3272 806 3337 invidentia
826 3272 912 3349 vani,
938 3281 975 3336 ut
994 3272 1097 3347 aiunt,
1116 3272 1267 3348 bominis,
1286 3296 1362 3341 oon·

408 3375 518 3461 tigisse
538 3372 739 3461 interpretati
759 3386 844 3439 sunt.
889 3373 985 3439 Adeo
1002 3373 1084 3439 enim
1099 3375 1255 3460 expressit
1271 3376 1363 3441 Aris-

408 3475 536 3541 totelem
567 3476 767 3541 intricatione
798 3475 980 3551 verborum,
1009 3489 1047 3540 ut
1075 3473 1203 3541 sobrius
1232 3476 1362 3541 auditor

407 3578 1361 3662 rectesubjungatmonneltocapumorum,etcorticepr'ngui,

310 3692 312 3696 ’
408 3689 446 3741 stt
460 3682 584 3743 romola
597 3686 689 3743 cetus
702 3680 891 3761 proeproadr’
905 3680 1017 3743 subare
1030 3686 1146 3741 menan
1160 3682 1176 3742 θ
1204 3678 1363 3742 Habenda

407 3792 456 3845 est
484 3792 598 3843 tamem
623 3778 809 3844 auctoribus
835 3777 952 3863 gratia,
974 3778 1052 3865 quia
1076 3778 1118 3841 de
1140 3781 1226 3843 sonte
1250 3802 1360 3844 eorum

408 3879 598 3957 haurientes,
615 3880 722 3945 labore
738 3880 881 3944 ditamur
895 3879 1006 3945 alieno.

543 4068 623 4151 Cap.
641 4067 672 4126 4.
697 4068 780 4140 Qaae
794 4069 835 4131 ait
849 4066 925 4130 libri
936 4068 1037 4148 primi
1050 4071 1219 4149 wnceptio.

450 4184 628 4249 Caranon
644 4182 731 4267 quod
754 4204 877 4247 necesse
892 4196 940 4247 est
960 4182 1044 4258 sciri,
1068 4184 1228 4247 verissime
1249 4196 1281 4245 et
1295 4204 1362 4245 ccr-

407 4284 526 4347 tissime
550 4282 696 4348 traditur.
747 4286 815 4347 Hoc
838 4284 986 4369 equidem
1010 4297 1071 4358 est,
1085 4283 1164 4368 quid
1187 4283 1362 4365 propositio

407 4382 584 4458 dialectica,
596 4398 652 4446 aut
665 4383 930 4457 demonstratum
948 4383 1145 4457 universalis,
1153 4380 1361 4465 particularis,
