3625 5317
393 822 465 867 cnr.
481 802 574 882 xxm]
767 817 1009 863 unrsnomcus.
1287 801 1344 859 181

393 970 465 1034 luce
477 969 594 1036 clarius
605 980 664 1050 est,
673 968 827 1034 rationem
840 965 1025 1047 disserendi,
1036 965 1101 1031 suis
1112 989 1179 1029 esse
1189 964 1347 1029 limitibus

393 1082 426 1134 ct
442 1070 589 1155 partibus
603 1068 794 1133 absolutam.

457 1266 537 1350 Cap.
553 1270 607 1328 24.
628 1265 681 1328 Dc
695 1264 745 1326 his
759 1265 816 1345 qui
830 1262 1010 1327 Aristotelis
1023 1282 1119 1345 opera
1132 1270 1285 1346 carpunt.

439 1422 541 1486 sans
556 1445 633 1507 ergo
648 1422 756 1486 mirari
773 1442 834 1485 non
854 1442 998 1506 possum,
1014 1420 1092 1506 quid
1114 1422 1227 1488 mentis
1249 1422 1344 1486 habe-

392 1534 448 1585 ant
468 1521 604 1605 (siquid
622 1534 727 1585 tamen
744 1520 889 1603 habent,)
903 1521 960 1605 qui
977 1522 1045 1584 hoec
1060 1521 1239 1585 Aristotelis
1249 1544 1346 1606 opera

392 1636 541 1707 carpunt,
551 1643 626 1707 quus
643 1622 756 1708 utique
769 1644 830 1684 non
847 1644 1004 1707 exponere
1016 1621 1215 1708 propositum
1229 1622 1347 1702 luerat,

394 1721 449 1786 sed
466 1722 607 1787 laudare.
650 1722 807 1807 Magister
822 1722 1052 1799 Theudoricus
1069 1734 1105 1786 ut
1120 1722 1260 1794 memini,
1278 1723 1344 1785 To·

394 1824 476 1908 laica,
493 1845 555 1886 non
578 1821 770 1903 Aristotelis,
783 1822 839 1887 sed
858 1823 1035 1887 Trecassini
1057 1821 1220 1909 Drogonis
1234 1822 1346 1886 irride-

396 1926 461 1991 bat.
517 1925 639 1988 Eadem
671 1939 774 1988 tamen
805 1923 1000 2011 quandoque
1029 1923 1148 1990 docuit.
1204 1923 1345 1999 Quidam

395 2026 557 2091 auditores
572 2024 713 2110 magistri
729 2026 863 2091 Roberti
878 2026 920 2089 de
936 2025 1116 2106 Meliduno,
1128 2025 1243 2090 librum
1261 2027 1346 2091 hunc

397 2126 463 2191 fere
477 2129 623 2192 inutilem
640 2149 708 2191 esso
729 2124 973 2192 calumniantur.
1020 2127 1085 2192 Alii
1107 2127 1280 2193 detrahunt
1294 2152 1346 2193 ca-

398 2232 535 2316 tegoriis.
574 2232 670 2295 Unde
685 2232 717 2295 in
733 2231 1004 2296 commendatione
1019 2254 1128 2298 eorum
1146 2232 1268 2298 diutius
1281 2256 1347 2297 mo-

397 2344 487 2396 ratus
509 2354 590 2409 sum,
613 2330 762 2415 reliquos,
785 2354 823 2393 eo
844 2320 932 2416 quod
955 2334 1096 2395 omnium
1114 2332 1240 2418 judicio
1264 2354 1348 2395 corn-

397 2432 599 2508 mendantur‚
613 2454 733 2495 morose
745 2454 807 2495 non
823 2434 932 2496 censui
944 2432 1222 2497 commendandos.
1252 2432 1349 2497 Elen-

398 2533 467 2596 chis
479 2545 596 2610 tamen,
608 2533 663 2597 sed
679 2533 797 2619 inepte,
809 2534 995 2619 opponitur,
1006 2534 1093 2619 quod
1109 2556 1219 2598 versus
1229 2534 1349 2598 habent

401 2634 559 2719 poeticos:
591 2633 647 2699 sed
666 2648 802 2714 constat,
822 2634 909 2721 quod
931 2633 1050 2697 idioma
1068 2632 1247 2719 linguarum
1265 2656 1351 2697 com-

400 2734 494 2799 mode
514 2735 546 2798 in
568 2736 791 2799 commercium
815 2756 877 2797 non
901 2732 1082 2797 deducitur.
1129 2737 1166 2797 ln
1189 2756 1227 2795 eo
1242 2746 1350 2797 sutem

400 2835 478 2899 mihi
494 2836 644 2902 videntur
659 2833 835 2920 Analyticis
850 2830 1050 2918 proel'erendi,
1063 2831 1149 2916 quod
1167 2854 1229 2895 non
1244 2833 1366 2897 minus-

401 2935 443 3000 ad
467 2936 654 3001 exercitium
682 2934 862 3011 conserunt,
885 2947 917 2997 et
940 2931 1075 2995 faciliori
1097 2931 1260 2996 intellectu
1286 2931 1351 2995 elo·

399 3038 564 3124 quentiam
580 3048 781 3121 promovent.

403 3245 483 3330 Cap.
500 3249 552 3308 25.
580 3244 673 3318 Quod
693 3242 898 3325 Cornificius,
922 3244 1053 3307 Bromio
1071 3262 1186 3307 scurra
1200 3244 1353 3322 Deorum,

445 3348 539 3409 vilior
560 3352 626 3410 cst:
652 3354 683 3409 ct
705 3345 743 3408 dc
764 3346 861 3409 laude
880 3346 995 3427 logices
1015 3346 1095 3428 quid
1114 3346 1302 3430 Λαμπετίη,
1323 3356 1355 3411 ct

446 3448 507 3511 alti
517 3448 700 3533 philosophi
715 3449 836 3512 dicam.

446 3603 551 3680 Quum
565 3602 676 3689 itaque
692 3602 803 3687 logicae
815 3613 904 3666 tants
920 3602 961 3665 sit
972 3602 1029 3681 vis,
1044 3600 1191 3687 quisquis
1205 3626 1273 3668 eam
1289 3628 1351 3671 non

403 3715 553 3767 causatur
567 3703 720 3789 ineptam,
735 3702 953 3789 ineptissimus
967 3715 1025 3765 est.
1057 3701 1162 3765 Psllas
1177 3705 1354 3787 Bromium,

403 3803 460 3889 qui
475 3826 543 3868 eam
560 3804 730 3867 Marsicam
746 3817 803 3867 nut
819 3802 989 3867 veneficam
1005 3803 1169 3885 irridebat,
1184 3805 1216 3869 in
1232 3808 1355 3895 nuptiis

404 3902 592 3989 Philologiae
612 3905 794 3989 compescit,
809 3916 842 3969 et
862 3904 986 3989 superis
1009 3903 1110 3968 mults
1130 3906 1355 3992 predicatione

406 4007 574 4071 consociat.
607 4004 717 4080 Porro,
734 4018 770 4070 ut
786 4019 833 4071 est
849 4005 881 4067 in
897 4004 1027 4082 fabulis,
1045 4005 1195 4071 Bromius
1211 4008 1355 4072 Deorum

406 4127 517 4169 scurra
542 4106 773 4171 contemnitur:
808 4106 862 4169 sed
887 4105 1078 4169 Cornificius
1101 4122 1219 4187 noster,
1244 4106 1356 4190 logicae

403 4204 597 4286 criminator,
625 4206 920 4294 philosophantium
950 4228 1070 4287 scurra,
1099 4229 1162 4271 non
1197 4205 1356 4269 immerito

403 4318 634 4371 contemnetur.
685 4310 731 4372 Ut
766 4306 807 4370 de
844 4304 977 4370 Platone
1013 4318 1146 4381 mosam,
1175 4304 1357 4381 Aristotele,

406 4406 529 4486 Tullio,
551 4430 570 4471 a
590 4430 667 4492 quo,
687 4422 723 4472 nt
743 4410 877 4491 majores
895 4404 1075 4490 perhibent,
1090 4404 1291 4489 philosophia
1311 4406 1358 4469 in·
