3625 5317
487 768 548 829 12⁰
733 786 871 832 scaurus
886 783 1166 833 smaaaamaasrs
1281 772 1366 847 [am.
1383 789 1433 834 ur.

484 958 522 1001 ex
546 936 693 1021 opinione
718 935 872 1022 plurium,
898 936 983 1001 idem
1010 935 1229 1023 principaliter
1251 939 1431 1023 significant

483 1037 728 1113 denominativa,
754 1052 786 1102 et
811 1060 859 1114 ea,
885 1062 904 1103 a
934 1038 1053 1125 quibua
1078 1037 1341 1105 denominantur:
1376 1040 1430 1104 sed

482 1137 771 1221 consignificatione
785 1138 911 1203 diversa
925 1139 1028 1203 aiebat
1045 1140 1240 1207 Bernartius
1256 1140 1431 1207 Cometen·

481 1241 537 1312 sir,
552 1237 630 1324 quia
640 1239 748 1301 albedo
758 1238 916 1323 significat
929 1239 1083 1323 virginem
1095 1240 1325 1329 incorruptam,
1337 1246 1429 1318 albet,

482 1337 611 1403 eandem
641 1338 853 1405 introeuntem
890 1341 1077 1418 thalamum,
1107 1357 1165 1408 aut
1198 1346 1371 1410 cubantem
1398 1348 1430 1409 in

483 1440 594 1505 thoro:
625 1440 732 1506 album
759 1464 845 1517 vero,
872 1441 1016 1518 eandem,
1039 1444 1092 1507 sed
1120 1459 1313 1531 corruptam.
1360 1448 1430 1509 Hoc

483 1544 610 1629 quidem
640 1548 791 1627 quoniam
823 1543 949 1621 albedo,
979 1568 1018 1608 ex
1049 1546 1221 1612 assertione
1246 1549 1328 1633 ejus,
1360 1547 1431 1611 aim·

483 1645 618 1732 pliciter,
640 1660 672 1711 et
697 1645 764 1710 sine
792 1646 876 1709 omni
901 1645 1141 1731 participatione
1162 1648 1310 1733 subjecti,
1331 1648 1429 1734 ipsam

483 1748 638 1835 significat
661 1748 866 1836 qualitatem:
893 1746 1043 1813 videlieet
1062 1748 1178 1813 coloris
1200 1752 1348 1835 speciem,
1368 1748 1430 1813 dic

481 1854 676 1935 gregativam
689 1849 786 1914 visus.
821 1850 916 1913 Alter
929 1859 1048 1926 auum,
1058 1849 1189 1914 eandem
1204 1850 1430 1937 principaliter,

482 1952 542 2017 etsi
557 1950 832 2038 participationem
848 1972 994 2035 persona·
1008 1950 1168 2016 admittat.
1203 1954 1238 2016 Si
1253 1953 1335 2017 enim
1351 1952 1430 2018 illud

483 2053 635 2128 excutias,
651 2047 736 2135 'quod
753 2050 886 2113 verbum
904 2050 975 2130 boc,
988 2073 1048 2136 pro
1069 2051 1248 2118 substantia
1262 2054 1430 2139 significat,

482 2147 619 2232 qualitas
633 2146 787 2212 albedinis
801 2160 958 2223 occurret,
974 2147 1029 2212 sed
1049 2149 1083 2211 in
1098 2148 1316 2216 accidentibus
1332 2152 1429 2227 verbi,

482 2271 645 2336 personam
674 2250 818 2334 reperies.
862 2250 979 2313 Atrum
1005 2272 1091 2331 vero,
1116 2250 1249 2317 eandem
1275 2251 1428 2335 significat

482 2349 679 2436 qualitatem,
699 2349 755 2413 sed
777 2348 915 2414 infusam
938 2352 1210 2437 commixtumque
1232 2352 1428 2427 substantiae,

480 2464 512 2515 et
534 2454 599 2536 jam
627 2450 862 2537 quodammodo
892 2451 993 2537 magis
1021 2465 1217 2539 corruptam.
1261 2453 1426 2539 Siquidem

482 2572 594 2614 nomen
624 2550 728 2637 ipsum
754 2574 818 2638 pro
847 2552 1027 2616 substantia
1055 2552 1234 2637 subjectum
1263 2550 1429 2627 albedinis,

481 2672 540 2737 pro
569 2650 734 2737 qualitate,
765 2652 923 2738 significat
953 2651 1090 2716 colorem
1120 2650 1256 2716 albentis
1284 2651 1429 2737 subjecti.

483 2751 659 2818 Videbatur
687 2754 781 2819 etiam
812 2752 871 2818 sibi
899 2766 963 2818 tam
989 2752 1031 2816 de
1058 2752 1239 2827 Aristotele,
1266 2773 1364 2838 quam
1389 2752 1430 2816 de

481 2855 654 2921 multorum
670 2855 914 2921 auctoritatibus
929 2854 999 2918 niti.
1044 2853 1099 2918 Ait
1116 2856 1211 2928 enim,
1226 2854 1335 2917 album
1351 2853 1429 2919 nihil

481 2954 569 3023 aliud
600 2958 754 3043 significat
783 2978 881 3043 quam
912 2954 1110 3041 qualitatem.
1163 2958 1272 3020 Multa
1299 2978 1429 3042 qnoque

480 3060 674 3143 proferebat,
706 3060 849 3144 undique
864 3056 1065 3143 'conquisita
1096 3058 1215 3142 quibua
1239 3055 1430 3143 persuadere

481 3160 654 3234 nitebatur,
682 3182 731 3223 rea
761 3160 921 3223 interdum
948 3180 1039 3243 pure,
1065 3158 1223 3224 interdum
1249 3157 1430 3244 adjacenter

480 3260 659 3344 praedicari,
673 3273 705 3324 et
715 3261 760 3323 'ad
777 3260 836 3321 boc
858 3259 1165 3323 denominativorum
1181 3260 1342 3326 scientiam
1358 3283 1428 3347 per·

482 3356 592 3421 utilem
608 3359 776 3422 asserebat.
823 3357 932 3422 Habet
947 3359 1016 3423 haec
1030 3359 1150 3445 opinio,
1165 3362 1247 3425 sicut
1261 3362 1430 3447 impugna-

481 3472 575 3535 tores,
590 3461 634 3525 sic
649 3458 827 3523 defensores
848 3480 931 3522 snos.
976 3460 1058 3524 Mihi
1081 3483 1141 3546 pro
1159 3462 1290 3528 minimo
1314 3476 1364 3526 ert
1389 3462 1429 3526 ad

481 3562 638 3625 comenia
651 3559 768 3625 talibus
779 3558 954 3645 disputare,
963 3582 1065 3646 quum
1076 3560 1317 3645 intelligentiam
1329 3561 1429 3626 dicto

482 3683 552 3724 rum
570 3660 755 3726 sumendam
771 3660 911 3724 noverim
926 3685 969 3727 ex
988 3661 1091 3726 causis
1113 3662 1249 3728 dicendi.
1295 3664 1365 3727 Nec
1386 3662 1430 3726 aio

482 3776 670 3827 memoratas
696 3762 883 3837 Aristotelis,
907 3763 1080 3827 aliorumve
1104 3766 1310 3829 auctoritates
1334 3764 1430 3830 inter-

481 3864 651 3950 pretendaa
664 3864 811 3941 arbitror,
823 3878 859 3929 ut
874 3864 1022 3929 trahatur
1036 3865 1131 3942 istuc,
1142 3866 1299 3952 quicquid
1313 3866 1429 3930 alicubi

479 3961 600 4027 dictum
633 3966 799 4052 reperitur.
858 3964 941 4029 Nam
972 3963 1059 4051 apud
1088 3966 1224 4030 eundem
1255 3974 1361 4030 metue
1388 3964 1428 4028 de

480 4064 619 4142 animali,
635 4066 778 4153 vigilatio
798 4067 838 4131 de
861 4066 987 4151 bipede,
1002 4066 1159 4131 astruitur
1178 4066 1366 4152 predicari:
1396 4078 1428 4128 et

481 4169 526 4231 sic
541 4165 643 4254 plura.
683 4166 833 4254 Alioquin
850 4165 1079 4249 analyticorum
1096 4167 1252 4254 exempla,
1266 4189 1327 4229 non
1343 4178 1427 4228 reete

479 4267 695 4354 procederent,
711 4279 744 4331 et
757 4267 842 4352 apud
859 4265 1007 4343 eundem,
1024 4267 1109 4349 quod
1127 4270 1151 4331 si
1172 4271 1301 4332 cecitas
1314 4279 1345 4329 et
1368 4284 1428 4328 cca·

479 4394 549 4434 cnm
561 4394 636 4451 ease,
648 4370 730 4433 idem
744 4380 856 4445 essent,
866 4366 907 4431 de
918 4366 1027 4432 eodem
1040 4368 1299 4453 praedicarentur.
1335 4368 1427 4430 Nunc
