3625 5317
498 755 560 812 aut
753 760 890 806 scaurus
906 758 1186 804 sanasssmsusra
1287 742 1393 821 [sacr.
1407 763 1447 807 vt.

494 915 674 999 diligamus.
709 914 760 977 Sic
775 912 875 996 igitur
890 932 991 996 quum
1008 922 1076 974 tota
1090 910 1206 973 mentis
1218 911 1447 996 tranquillitate

493 1014 677 1106 meditando
705 1034 835 1077 oramus
864 1011 915 1075 vel
945 1010 1093 1094 legimus,
1122 1012 1154 1074 iu
1184 1012 1448 1099 contemplatione

494 1116 694 1204 quiescimus.

538 1216 748 1301 Soliloquium
773 1217 930 1301 sequitur,
947 1215 1035 1302 quod
1058 1229 1106 1280 est
1131 1215 1267 1303 alicujus
1291 1215 1333 1279 ad
1357 1240 1390 1279 se
1413 1231 1444 1280 et

492 1322 534 1385 de
556 1342 589 1383 se
610 1318 712 1382 solum
737 1316 911 1403 eloquium,
926 1317 1026 1402 ipsius
1047 1317 1184 1381 bominis
1204 1338 1358 1401 generans
1376 1340 1448 1381 con-

492 1432 661 1508 temptum.
704 1417 915 1503 Soliloquiurn
945 1417 1076 1495 dicitur,
1100 1418 1178 1503 quia
1207 1420 1257 1480 vir
1282 1439 1315 1479 se
1345 1417 1445 1482 solum

492 1520 679 1608 alloquitur,
702 1519 814 1593 idest,
842 1542 944 1605 quum
964 1519 1061 1582 bomo
1084 1518 1217 1582 interior
1242 1518 1283 1582 ab
1294 1523 1447 1584 exteriori

492 1648 555 1690 non
578 1624 739 1701 turbatur,
753 1622 806 1684 sed
830 1620 935 1685 cordis
955 1634 1075 1685 secreta
1094 1622 1241 1697 rimatur,
1258 1634 1394 1684 mentem
1415 1636 1446 1686 et

493 1726 714 1793 conscientiam
730 1724 773 1788 ab
789 1724 837 1787 sui
854 1736 1072 1808 contemptum
1088 1722 1270 1786 considerat
1289 1737 1322 1785 et
1338 1746 1446 1808 specu-

492 1830 588 1894 latur.
634 1825 845 1913 Soliloquium
870 1848 944 1888 vero
967 1825 1072 1888 tribus
1092 1826 1129 1889 lit
1152 1825 1266 1900 modis,
1281 1848 1321 1889 ex
1343 1826 1447 1911 gratia

491 1930 676 2018 inspirante,
702 1950 743 1993 ex
769 1926 986 2003 meditatione,
1008 1950 1047 1991 ex
1069 1927 1224 2002 oratione,
1265 1930 1320 1993 Ex
1341 1931 1446 2013 gratia

491 2034 594 2098 oritur
619 2032 651 2095 in
678 2028 965 2115 compunctionem,
989 2052 1027 2092 ex
1055 2028 1261 2093 meditatione
1285 2034 1446 2096 excitatur

491 2138 524 2200 iu
540 2134 752 2207 devotionern,
768 2156 805 2196 ex
822 2133 965 2196 oratione
979 2133 1137 2197 formatur
1152 2132 1185 2195 iu
1200 2132 1315 2196 boum
1332 2134 1445 2199 volun·

492 2250 599 2301 tatem.
645 2233 857 2320 Compunctio
872 2234 903 2298 in
919 2232 1031 2298 fletum
1051 2234 1261 2300 miserabilem
1284 2238 1442 2324 erumpit:

491 2338 621 2403 devotio
646 2348 782 2399 mentem
809 2335 848 2399 ad
876 2336 1017 2401 coelcstia
1038 2336 1151 2421 erigit:
1191 2338 1274 2402 bona
1296 2342 1445 2403 voluntas

491 2440 532 2503 ad
553 2460 635 2524 opus
657 2435 799 2499 celeriter
820 2435 942 2510 tendit,
967 2438 1063 2502 fletus
1083 2461 1159 2502 vero
1179 2438 1365 2503 miserabilis
1386 2442 1443 2505 mi·

491 2538 677 2605 sericordem
702 2537 876 2603 Dominum
903 2542 1035 2627 expetit.
1082 2542 1178 2605 Mens
1206 2555 1311 2606 erecta
1340 2544 1444 2607 cordis

490 2644 553 2707 ima
575 2640 750 2729 praecurrit,
771 2640 864 2706 bonae
890 2642 1065 2706 voluntatis
1084 2666 1167 2728 opus
1187 2642 1284 2730 ipsius
1308 2644 1445 2710 bominis

490 2758 707 2830 contemptum
723 2744 871 2809 ostendit.
918 2742 1065 2809 Delicta
1086 2766 1161 2808 vero
1180 2746 1351 2812 miserabili
1372 2770 1444 2833 pro-

490 2848 589 2935 pheta
607 2847 697 2925 dicit,
712 2852 721 2883 ‘
738 2846 917 2911 Exaudivit
934 2846 1093 2912 Dominus
1111 2869 1218 2911 vocem
1240 2846 1337 2912 fletus
1359 2851 1442 2913 mei.’

491 2950 557 3016 Hic
579 2954 684 3025 fletus,
705 2948 736 3013 id
757 2960 816 3024 est,
834 2948 1045 3035 lacrymarum
1068 2970 1128 3034 pro
1147 2949 1284 3035 peccatis
1297 2950 1440 3016 emissio:

491 3075 553 3118 non
569 3052 670 3127 nobis,
687 3049 740 3115 sed
760 3072 865 3115 vocem
885 3050 1002 3115 habent
1028 3048 1108 3115 Deo.
1155 3050 1198 3115 Et
1220 3052 1272 3115 bic
1286 3050 1381 3117 lictus
1395 3068 1443 3119 est

489 3154 577 3221 utilis
591 3166 622 3217 et
638 3153 726 3238 pius:
750 3152 824 3237 pius
840 3176 914 3217 vero
925 3152 1021 3217 fletus
1034 3166 1068 3217 et
1081 3152 1204 3219 inutilis
1214 3154 1252 3219 fit
1267 3175 1325 3240 pro
1340 3170 1442 3221 morte

488 3267 672 3342 parentunn
697 3274 755 3317 nec
775 3253 848 3337 pius
867 3277 925 3318 nec
945 3255 1043 3332 utilis,
1058 3278 1118 3342 pro
1134 3254 1300 3320 amissione
1320 3267 1442 3345 tempo·

488 3357 603 3423 ralium
618 3356 784 3421 bonorum.
830 3356 882 3420 De
897 3370 1002 3422 mente
1018 3369 1126 3423 autem
1141 3370 1258 3439 erecta,
1272 3381 1348 3446 quoe
1367 3383 1442 3425 con·

489 3458 629 3525 scicntiae
644 3456 707 3523 ima
725 3456 890 3544 disquirit:
914 3458 1068 3545 sapientia
1089 3460 1122 3523 in
1145 3461 1272 3547 tripode
1287 3462 1442 3548 Apollinis

486 3563 532 3628 sic
547 3560 712 3627 describit:

539 3671 656 3725 Verbum
667 3670 701 3725 du
713 3670 779 3724 coelo
790 3671 925 3725 descendit
935 3671 1005 3723 notis
1017 3670 1110 3741 elytos,
1123 3671 1229 3741 [gnothi
1241 3674 1376 3744 mantonl,

488 3767 519 3832 id
551 3779 611 3843 eat,
637 3790 729 3831 nosce
755 3780 787 3831 te
812 3766 928 3852 ipsum.
973 3766 1090 3853 Tripos
1121 3766 1296 3852 Apollinis:
1322 3768 1438 3855 triplex

488 3867 651 3956 sapientire
670 3867 858 3941 intellectus,
876 3866 1055 3943 historialis,
1072 3868 1237 3953 mysticus,
1250 3882 1284 3933 et
1303 3869 1439 3935 moralis.

415 4031 418 4039 ,
488 3976 549 4038 Per
565 3967 756 4032 historialem
779 3968 875 4033 horno
889 3969 1026 4034 exterior
1040 3969 1182 4035 interiori
1198 3970 1437 4045 condescendit:

487 4096 543 4160 per
569 4069 737 4156 mysticum
764 4069 858 4134 homo
880 4072 1012 4136 interior
1033 4086 1152 4137 secreta
1177 4070 1293 4150 cordia,
1316 4072 1350 4137 id
1377 4085 1437 4148 est,

485 4186 623 4241 mentem
649 4182 680 4234 et
706 4170 928 4237 conscientiam
954 4186 1115 4238 scrutatur
1139 4187 1171 4238 et
1197 4173 1349 4247 discutit;
1382 4196 1439 4254 per

485 4274 645 4354 moralem,
660 4271 746 4336 unde
768 4274 819 4346 ait,
842 4272 932 4359 quid,
947 4286 979 4337 et
1003 4273 1044 4338 ad
1064 4274 1153 4361 quid,
1169 4275 1327 4360 agnoscit:
1353 4274 1436 4340 unde

486 4379 539 4459 sit,
553 4400 593 4441 ex
609 4374 740 4442 materia
754 4373 858 4462 figuli,
873 4374 906 4439 id
922 4388 983 4454 est,
998 4399 1038 4441 ex
1057 4375 1133 4442 limo
1152 4392 1264 4442 terras:
1289 4377 1373 4464 quid
1399 4378 1436 4453 it,
