3625 5317
456 767 519 830 ³62
719 779 855 827 scaurus
871 777 1150 824 saussaaruausra

456 933 601 1009 antistiti,
611 931 676 1016 juri
688 932 774 994 civili
790 952 919 1016 operam
932 931 1031 1008 dedit,
1041 941 1075 994 et
1089 952 1153 1015 quo
1169 951 1226 1013 per
1241 929 1410 1013 experien-

456 1035 532 1100 tiam
548 1055 651 1098 rarum
667 1033 793 1095 facilius
809 1031 1062 1115 dispensationis
1073 1031 1305 1095 ecclesiasticae
1319 1052 1412 1094 usum

455 1143 715 1219 consequeretur,
730 1155 749 1196 a
764 1133 897 1217 praelato
919 1132 1165 1214 archiepiscopo
1187 1144 1309 1196 sanctae
1324 1131 1410 1195 Cau·

454 1235 623 1300 lilariensis
638 1231 792 1312 ecclesiae,
808 1255 828 1298 a
842 1234 892 1317 cuj
898 1255 935 1296 us
949 1234 1101 1298 uberibus
1117 1233 1291 1310 coaluerat,
1306 1233 1410 1297 archi·

457 1336 613 1400 diaconus
636 1335 799 1398 institutus
821 1345 879 1412 est,
900 1333 952 1413 [ut
972 1334 1030 1410 sic,
1046 1335 1118 1396 Deo
1140 1333 1319 1412 ordinante,
1333 1346 1414 1397 tem·

455 1457 533 1520 pore
556 1455 625 1514 suo,
640 1434 741 1518 gradu
763 1455 832 1511 suo,
854 1436 993 1518 locoque
1016 1455 1086 1510 suo,
1108 1433 1356 1498 archidiaconns
1377 1436 1410 1496 in

455 1538 731 1620 archiepiscopum
748 1534 1013 1620 promoveretur]

493 1639 574 1702 Post
589 1635 707 1702 modici
722 1637 877 1719 temporis
888 1636 1099 1712 intervallum,
1110 1657 1209 1719 quum
1225 1636 1307 1699 Dux
1322 1637 1407 1699 Nor·

455 1739 592 1802 mannire
622 1749 654 1802 et
685 1737 864 1820 Aquitaniae
891 1737 1067 1814 Henricus,
1096 1736 1245 1800 Gausridi
1276 1736 1412 1800 Comitis

455 1839 697 1922 Andagavensis
727 1850 760 1902 et
788 1838 934 1902 Matildis
969 1839 1186 1920 Imperatricis
1218 1839 1317 1916 filius,
1344 1839 1413 1920 regi

456 1941 622 2024 Stephano
636 1941 670 2004 in
686 1961 819 2022 regnum
834 1941 962 2021 Angliae
979 1940 1201 2016 successisset,
1215 1942 1413 2006 elaboratum

455 2055 504 2106 est
518 2045 559 2108 ab
573 2040 737 2106 antedicto
752 2042 1007 2126 archiepiscopo,
1021 2052 1059 2104 nt
1072 2038 1319 2105 archidiaconns
1334 2061 1413 2105 anns

455 2140 546 2224 regni
561 2141 772 2206 cancellarius
787 2143 972 2204 efficeretur.
1016 2141 1097 2203 Erat
1111 2141 1196 2204 enim
1215 2141 1246 2204 ei
1260 2153 1413 2225 suspecta

455 2243 671 2308 adolescentia
685 2243 780 2324 ragis,
791 2253 824 2308 et
833 2243 990 2326 juvenum
1005 2253 1038 2306 et
1052 2263 1222 2326 pravorum
1233 2242 1410 2322 hominnm,

457 2362 592 2426 quorum
607 2342 753 2405 consiliis
772 2343 824 2422 agi
846 2342 1019 2421 videbatur,
1035 2342 1254 2425 insipientiam
1275 2356 1307 2406 et
1321 2341 1411 2406 mali·

455 2443 533 2504 tiam
556 2441 766 2515 formidabat3
796 2453 891 2504 etue
914 2443 1069 2507 instinctu
1091 2465 1201 2508 eorum
1223 2445 1413 2508 insolentius

455 2553 563 2623 ageret
587 2540 659 2625 jure
686 2540 827 2617 uictoris,
853 2541 911 2625 qui
940 2543 1002 2606 sibi
1033 2543 1209 2623 uidebatur,
1233 2544 1295 2606 etsi
1322 2546 1413 2609 aliter

456 2655 552 2722 esset,
566 2642 722 2727 populum
738 2641 915 2724 subegisse,
931 2645 1159 2708 cancellarium
1174 2648 1365 2727 procurabat
1378 2647 1414 2709 in

456 2745 544 2810 curia
560 2742 709 2822 ordinari,
725 2743 817 2829 cujus
833 2764 894 2827 ope
911 2755 945 2808 et
958 2765 1056 2829 opera
1067 2747 1141 2808 nori
1155 2747 1250 2828 regis,
1264 2768 1304 2809 ne
1319 2751 1410 2810 sacri·

454 2859 504 2912 ret
526 2848 559 2910 in
584 2846 766 2924 ecclesiam,
787 2845 942 2930 impetum
965 2847 1141 2926 cohiberet,
1161 2859 1193 2910 et
1214 2850 1341 2912 consilii
1363 2849 1413 2914 sni

455 2957 645 3031 temperaret
665 2945 832 3021 malitiam,
846 2954 878 3008 et
899 2945 1085 3029 reprimeret
1103 2947 1271 3010 audaciam
1292 2949 1412 3012 officia·

454 3049 546 3127 lium,
562 3047 617 3131 qui
633 3048 693 3110 snb
709 3049 843 3109 obtentu
858 3046 999 3129 puhlicae
1018 3048 1185 3130 potestatis
1205 3059 1238 3111 et
1252 3061 1413 3132 praetextu

451 3147 547 3230 juris,
573 3159 637 3210 tam
667 3145 813 3208 ecclesiae
843 3166 942 3229 quam
969 3146 1216 3229 provincialium
1244 3149 1413 3212 facultates

456 3247 593 3331 diripere
609 3247 878 3328 conspiraverant

498 3345 671 3428 Inprimis
693 3357 799 3408 autem
822 3347 1023 3410 cancellariae
1044 3369 1111 3412 suaa
1132 3350 1288 3434 auspiciis
1310 3359 1358 3413 tot
1382 3362 1414 3414 et

455 3457 560 3512 tantas
586 3444 740 3508 variarum
767 3448 994 3510 necessitatum
1021 3448 1225 3515 difficultates
1250 3449 1411 3526 sustinuit,

455 3561 504 3616 tot
529 3547 694 3615 laboribus
723 3546 848 3610 attritus
877 3560 927 3612 est
954 3560 988 3614 et
1016 3560 1064 3614 tot
1092 3551 1322 3616 afflictionibus
1351 3553 1413 3615 fuit

455 3671 638 3737 oppressus,
655 3659 702 3714 tot
721 3649 848 3714 insidiis
870 3651 1044 3734 appetitus,
1063 3663 1112 3715 tot
1132 3654 1259 3738 laqueis
1281 3654 1316 3716 in
1337 3655 1412 3718 aula

456 3753 625 3836 expositus
641 3773 661 3814 a
675 3752 795 3815 malitia
804 3751 1054 3816 inhabitantium
1068 3753 1102 3817 in
1117 3775 1168 3833 ea,
1178 3767 1216 3818 ut
1228 3775 1313 3834 eum,
1328 3756 1414 3819 sicut

456 3853 697 3938 archiepiscopo
712 3873 770 3916 sno
788 3865 820 3918 ct
835 3854 949 3918 amicis
968 3856 1028 3918 sub
1048 3856 1250 3921 lacrimarum
1269 3858 1413 3922 testimo-

455 3957 510 4021 nio
524 3953 638 4020 reisue
652 3954 765 4018 solitus
780 3965 858 4032 erat,
873 3975 960 4038 saepe
975 3956 1008 4019 iu
1024 3955 1094 4020 dies
1114 3958 1260 4038 singulos
1280 3958 1412 4022 traderet

400 4099 404 4106 -
456 4080 529 4124 aum
544 4057 617 4121 vitas
633 4079 710 4132 suae,
726 4069 758 4120 at
777 4067 851 4139 post
870 4058 942 4123 ritae
962 4069 1079 4121 eterna
1101 4058 1295 4124 desiderium
1314 4081 1413 4144 super

456 4161 564 4224 omnia
578 4169 714 4243 optaret,
725 4171 760 4222 ut
775 4160 897 4240 absque
911 4170 989 4223 uota
1004 4160 1141 4225 iniamiae
1156 4173 1269 4245 posset
1283 4161 1411 4228 acuriae

454 4262 593 4326 nexibus
608 4259 774 4345 explicari.
812 4257 907 4323 Licet
919 4262 1004 4324 enim
1016 4263 1047 4325 ei
1062 4263 1202 4327 mundus
1214 4263 1246 4325 in
1263 4265 1414 4328 omnibus

455 4363 625 4428 lenociniis
647 4361 714 4424 suis
736 4359 857 4424 adulari
881 4372 914 4426 et
939 4362 1132 4446 applaudere
1158 4365 1328 4443 rideretur,
1349 4386 1412 4429 nec
