3625 5317
384 804 458 849 ann.
476 790 548 862 xa]
752 802 993 848 usratonrcns.
1298 790 1338 848 97

382 968 488 1018 torum
518 952 753 1018 declinabilium
777 953 941 1039 exemplar
961 966 1021 1029 est,
1044 952 1191 1039 exempla
1212 975 1287 1017 vero
1302 951 1335 1018 in

379 1058 528 1121 omnibus
558 1055 643 1119 illius
678 1055 907 1121 terminationis
937 1052 1134 1120 dictionibus
1168 1053 1336 1120 manifesta

381 1174 472 1223 sunt:
495 1160 539 1223 sic
554 1158 704 1245 quaedam
721 1155 914 1243 exemplaria
931 1156 1155 1242 concipiuntur
1169 1158 1202 1221 in
1218 1171 1335 1237 mente,

381 1282 517 1345 quorum
534 1259 680 1343 exempla
694 1274 811 1323 natura
825 1258 986 1331 formavit,
996 1271 1029 1322 et
1045 1258 1190 1323 sensibus
1204 1259 1334 1344 objecit.

383 1360 443 1425 Illa
468 1362 579 1449 itaque
609 1360 814 1447 exemplaria,
836 1359 1019 1441 cogitabilia
1041 1360 1172 1444 quidem
1195 1374 1282 1438 sunt,
1304 1372 1338 1425 et

384 1476 456 1527 sunt
466 1464 558 1550 quasi
570 1463 746 1547 phantasiae
757 1476 789 1526 et
803 1462 926 1525 umbrae
937 1460 1153 1543 existentium,
1165 1463 1339 1529 secundum

381 1566 605 1631 Aristotelem:
629 1589 709 1651 quas
732 1566 756 1629 si
781 1564 854 1651 quis
882 1564 1121 1651 apprehendere
1143 1566 1258 1632 nititur
1279 1589 1337 1652 per

380 1667 595 1742 existentiam,
617 1690 714 1753 quam
735 1666 853 1730 habent
874 1688 893 1729 a
914 1664 1128 1751 singularibus
1147 1681 1337 1754 separatam,

381 1767 472 1833 velut
488 1770 609 1833 somnia
624 1766 805 1831 elabuntur.
862 1765 1008 1830 Monstra
1023 1765 1106 1830 enim
1124 1780 1210 1846 suot,
1228 1781 1261 1832 et
1279 1768 1338 1835 soli

381 1868 558 1933 intellectui
574 1882 692 1955 patent.
738 1867 832 1947 Quod
855 1881 962 1932 autem
981 1868 1171 1932 universalia
1185 1868 1337 1935 dicuntur

382 1994 449 2035 esse
465 1970 684 2036 substantialia
700 1971 927 2055 singularibus,
942 1970 982 2033 ad
1006 1993 1132 2035 causam
1149 1969 1339 2057 cognitionis

382 2072 583 2138 referendum
604 2086 662 2153 est,
686 2072 962 2159 singulariumque
984 2085 1149 2137 naturum:
1172 2073 1233 2139 hoc
1253 2073 1336 2137 enim

384 2174 415 2239 in
425 2173 560 2260 singulis
569 2188 670 2262 patet,
682 2175 842 2262 siquidem
854 2174 1015 2250 inferiora,
1028 2174 1096 2239 sine
1107 2174 1336 2261 superioribus,

383 2298 440 2340 nec
462 2300 538 2356 esse,
560 2299 617 2341 uec
639 2276 774 2361 intelligi
797 2288 941 2363 possunt.
990 2276 1097 2340 Homo
1116 2298 1254 2363 namque
1272 2298 1335 2340 non

382 2389 442 2451 est,
460 2377 518 2441 nisi
534 2377 575 2443 sit
595 2375 720 2441 animal.
767 2377 828 2441 sed
845 2398 902 2440 nec
924 2374 1117 2461 intelligitur
1131 2377 1238 2458 bomo,
1252 2378 1333 2464 quin

384 2478 621 2563 cointelligatur
640 2477 777 2543 animal:
802 2478 954 2563 quoniam
971 2478 1065 2543 homo
1075 2492 1124 2544 est
1134 2475 1252 2546 animal
1263 2480 1336 2548 tale.

387 2579 439 2649 Sic
453 2580 486 2643 in
504 2581 647 2655 Platone,
671 2580 767 2644 homo
782 2579 931 2664 quoniam
962 2578 1052 2646 Plato
1073 2594 1106 2646 et
1121 2596 1181 2660 est,
1196 2595 1229 2647 et
1244 2582 1337 2653 intel·

385 2682 499 2769 ligitur
520 2682 601 2763 talis,
623 2696 679 2747 aut
709 2683 769 2747 iste
792 2680 895 2746 bomo.
944 2681 998 2746 nd
1021 2682 1082 2747 boc
1106 2698 1213 2750 autem
1237 2698 1274 2749 ut
1296 2686 1337 2751 sit

385 2785 491 2862 homo,
506 2786 649 2870 exigitur
664 2806 730 2847 esse
742 2782 870 2859 animal,
886 2806 944 2847 nec
955 2785 1162 2861 convertitur,
1174 2799 1210 2850 ut
1221 2785 1338 2850 animal

385 2912 451 2953 esse
467 2910 528 2952 non
546 2886 657 2974 possit,
673 2898 729 2949 aut
744 2884 892 2969 intelligi,
909 2885 934 2948 si
950 2908 1013 2948 non
1030 2885 1082 2961 sit,
1097 2900 1154 2951 aut
1170 2909 1233 2951 non
1248 2886 1339 2952 iutel-

385 2990 506 3075 ligatur
528 2990 642 3052 bomo:
669 3008 739 3049 nam
762 2984 794 3048 in
818 2985 941 3049 ratione
963 2984 1110 3063 bominis,
1133 3001 1180 3053 est
1203 2992 1337 3065 animal,

383 3092 439 3157 sed
464 3114 525 3154 non
556 3086 755 3152 inanimalis
784 3086 904 3151 ratione
933 3100 980 3151 est
1007 3087 1111 3153 homo.
1157 3089 1241 3168 Quia
1261 3114 1339 3178 ergo

383 3194 449 3259 tole
462 3192 563 3277 exigit
573 3189 647 3268 tale,
657 3201 689 3253 et
699 3209 760 3252 non
772 3188 939 3273 exigitura
951 3188 1017 3267 tali,
1029 3203 1093 3255 tum
1103 3190 1143 3256 ad
1155 3193 1337 3272 essentiam,

384 3317 480 3380 quam
504 3294 544 3357 ad
568 3291 725 3367 notitiam,
745 3290 819 3355 ideo
841 3290 900 3355 boc
922 3290 966 3355 illi
990 3292 1198 3359 substantiale
1220 3295 1338 3364 dicitur

384 3422 460 3463 csse.
508 3396 598 3461 Idem
615 3404 663 3459 est
681 3394 713 3457 in
737 3392 933 3472 individuis;
955 3416 1030 3481 quae
1053 3395 1187 3483 exigunt
1207 3400 1337 3485 species,

386 3517 567 3585 mgentem,
590 3498 645 3563 sed
669 3520 870 3584 nequaquam
894 3498 1072 3584 exiguntur
1093 3500 1134 3565 ab
1160 3502 1215 3566 eis.
1261 3504 1335 3567 Hoc

385 3603 467 3668 enim
485 3626 540 3667 nec
556 3600 764 3667 substantiam
783 3599 926 3675 habebit,
939 3622 995 3664 nec
1011 3600 1041 3665 in
1058 3602 1205 3666 notitiam
1222 3603 1336 3681 veniet,

386 3706 446 3770 nisi
476 3705 515 3769 sit
546 3703 674 3791 species,
705 3714 762 3767 aut
792 3724 904 3787 genus,
934 3701 968 3764 id
991 3715 1053 3780 est,
1083 3703 1145 3767 nisi
1175 3704 1254 3789 quid
1284 3706 1336 3781 sit,

387 3822 442 3873 aut
465 3807 639 3871 innotescat
659 3803 733 3882 tale,
757 3803 805 3867 vel
831 3803 903 3867 tale.
951 3803 1151 3869 Universalia
1178 3819 1283 3872 tamen
1304 3823 1337 3873 ct

386 3932 437 3975 res
452 3908 695 3981 dicunturesse,
713 3918 744 3971 et
760 3906 951 3991 plerumque
966 3904 1150 3992 simpliciter
1164 3931 1251 3976 esse:
1281 3912 1337 3976 sed

388 4032 450 4075 non
467 4010 508 4074 ob
531 4010 601 4087 boc,
624 4022 680 4073 aut
703 4006 800 4071 moles
821 4028 1002 4094 corporum,
1018 4022 1075 4073 aut
1099 4009 1262 4078 subtilitas
1277 4014 1339 4100 spi-

384 4115 519 4189 rituum,
535 4127 590 4176 aut
606 4109 815 4193 singularium
832 4109 968 4175 discreta
979 4111 1114 4176 essentia
1128 4111 1162 4177 in
1173 4114 1218 4179 eis
1233 4128 1336 4179 atten-

384 4213 489 4279 denda
508 4226 564 4279 est.
611 4217 695 4277 Nam
718 4225 750 4277 et
765 4236 813 4289 ea,
830 4234 906 4298 quoe
916 4211 1024 4295 jacent
1047 4214 1108 4278 sub
1129 4214 1337 4278 affirmatione

383 4325 416 4379 et
429 4315 607 4401 negatione,
623 4336 673 4379 res
686 4313 849 4394 dicuntur,
864 4326 897 4379 et
910 4336 984 4378 vera
999 4312 1174 4401 saepissime
1185 4313 1338 4377 dicuntur

385 4438 467 4483 esse:
484 4436 542 4480 nec
554 4428 657 4480 tamen
669 4415 855 4481 substantiis
871 4414 921 4480 vel
933 4415 1151 4479 accidentibus
1162 4437 1337 4502 aggregan-

434 4540 508 4585 vut.
524 4541 556 4583 v.
865 4538 888 4577 rt
