3625 5317
405 804 476 849 car.
493 788 540 869 x.]
565 876 569 884 ⁸
758 804 999 853 unrsnoorcus.
1322 796 1364 854 79

407 956 1244 1043 noncarcret,etutaiunt,scirpuseiuonessetanodis.
1275 959 1360 1025 Nam

407 1070 438 1123 et
448 1056 492 1121 ibi
501 1058 709 1136 monstrabat,
721 1058 801 1144 quid
814 1071 961 1145 oporteat
972 1058 1114 1125 enodari.
1136 1059 1228 1126 Alter
1238 1072 1358 1141 autern,

404 1156 438 1221 in
452 1158 654 1245 responsione
671 1158 942 1246 promptissimus,
960 1161 1155 1247 subterfugii
1175 1184 1271 1227 causa
1284 1186 1359 1248 pro·

404 1257 542 1343 positum
558 1282 723 1346 nunquam
740 1260 910 1327 declinavit
928 1261 1110 1339 articulum,
1132 1264 1212 1349 quin
1227 1263 1359 1330 alteram

403 1359 662 1425 contradictionis
676 1374 799 1447 partem
815 1363 960 1448 eligeret,
974 1382 1033 1429 aut
1051 1362 1262 1431 determinata
1275 1365 1358 1431 mul·

404 1458 571 1545 tiplioitate
593 1462 755 1542 sermonis,
776 1462 902 1529 doceret
926 1486 1022 1528 unam
1053 1486 1115 1529 uon
1137 1488 1204 1531 esse
1229 1487 1358 1551 respon·

403 1561 531 1629 aionem.
571 1563 632 1629 Ille
644 1587 720 1651 ergo
731 1565 763 1629 in
775 1566 1011 1652 quaestionibus
1020 1566 1158 1641 subtilis,
1169 1580 1202 1632 et
1214 1567 1356 1635 multus:

402 1662 463 1728 iste
478 1664 510 1728 in
523 1665 784 1751 responsionibus
794 1667 973 1753 perspicax,
985 1668 1102 1747 brevis,
1115 1682 1148 1734 et
1158 1669 1356 1733 commodus.

403 1768 486 1843 Quae
502 1766 579 1846 dno,
590 1772 717 1851 pariter
736 1774 793 1847 cis,
809 1770 835 1833 si
854 1772 959 1835 alicui
977 1767 1120 1833 omnium
1136 1768 1356 1853 contigissent,

401 1889 511 1955 parem
537 1865 650 1955 utique
670 1868 904 1956 disputatorem
928 1883 1037 1934 nostra
1066 1882 1162 1934 aetate
1191 1891 1253 1933 non
1276 1883 1357 1937 esset

400 1968 555 2035 invenire.
598 1972 704 2037 Ambo
725 1972 809 2037 enim
832 1973 920 2037 acuti
942 1982 1033 2035 eraut
1054 1971 1185 2056 ingenii,
1207 1984 1240 2037 et
1258 1970 1356 2038 studii

401 2070 591 2157 pervicacis:
615 2084 648 2137 et
679 2084 714 2137 ut
746 2095 827 2149 reor,
857 2072 965 2158 magni
995 2072 1204 2159 preclarique
1234 2072 1294 2137 riri
1321 2074 1355 2139 iu

400 2173 541 2259 physicis
567 2174 682 2241 studiis
707 2175 907 2257 enituissent,
934 2175 960 2239 si
984 2175 1026 2240 de
1049 2198 1166 2261 magno
1189 2175 1354 2243 literarum

400 2276 578 2342 niterentur
592 2276 814 2356 fundamento,
830 2278 993 2343 sitantum
1009 2278 1198 2343 institissent
1210 2279 1355 2365 vestigiis

401 2379 570 2465 majorum,
583 2394 740 2465 quantum
757 2379 823 2446 suis
838 2379 1077 2467 applaudebant
1091 2380 1238 2447 iureutia.
1272 2381 1355 2449 Hac

399 2500 459 2565 pro
485 2493 636 2567 tempore,
661 2504 728 2567 quo
752 2479 817 2547 illis
842 2480 974 2547 adhaesi.
1029 2482 1112 2547 Nam
1138 2494 1249 2568 postea
1270 2502 1354 2547 unus

399 2603 508 2646 eorum
519 2582 682 2668 profectus
694 2584 884 2660 Bononiam,
899 2582 1066 2663 dedidicit,
1079 2582 1168 2669 quod
1179 2582 1351 2650 docuerat:

398 2680 556 2769 siquidem
571 2696 604 2747 et
620 2705 764 2748 reversus
785 2682 948 2749 dedocuit.
994 2686 1047 2747 An
1064 2682 1190 2763 melius,
1204 2684 1353 2770 judicent

399 2786 458 2872 qui
480 2808 554 2851 eum
576 2799 662 2862 ante,
685 2794 717 2849 et
739 2798 852 2870 postea
872 2785 1055 2850 audierunt.
1100 2787 1202 2850 Porro
1216 2785 1297 2850 alter
1318 2789 1352 2851 in

398 2886 514 2953 divinis
535 2886 704 2973 proficiens
726 2884 836 2961 literis,
859 2885 954 2949 etiam
977 2884 1193 2950 eminentioris
1213 2885 1354 2971 pbiloso-

396 2990 495 3077 phio,
521 3002 554 3054 et
577 2986 759 3052 celebrioris
785 2986 922 3050 nominis
946 2994 1109 3049 assecutus
1133 2998 1181 3051 est
1205 2983 1351 3069 gloriam.

396 3088 500 3171 Apud
511 3089 580 3163 hos,
590 3098 659 3152 toto
667 3087 860 3152 exercitatus
871 3086 1008 3162 biennio,
1018 3086 1062 3151 sic
1071 3085 1352 3174 locisassignandis

396 3192 536 3269 assuevi,
557 3204 588 3258 et
610 3189 740 3275 regulis,
758 3203 791 3255 et
813 3189 883 3255 aliis
905 3189 1160 3255 rudimentorum
1177 3189 1352 3271 elementis,

396 3293 517 3381 quibus
528 3292 668 3380 pueriles
682 3291 778 3357 animi
790 3290 993 3372 imbuuntur,
1004 3290 1080 3355 etin
1092 3290 1350 3377 quibuspraelati

397 3396 543 3463 doctores
564 3394 778 3483 potentissimi
795 3405 896 3467 erant,
913 3405 946 3457 et
962 3391 1204 3479 expeditissimi,
1220 3406 1257 3459 ut
1278 3392 1349 3457 boec

395 3499 502 3565 omnia
516 3496 595 3563 mihi
610 3496 737 3563 viderer
747 3516 838 3561 nosse
854 3507 1007 3581 tanquam
1023 3517 1149 3580 ungues
1163 3493 1349 3582 digitosque

396 3623 495 3667 meos.
526 3598 599 3665 Hoc
612 3602 695 3665 enim
712 3597 806 3685 plane
821 3596 1005 3679 didiceram,
1020 3610 1058 3662 ut
1067 3596 1205 3684 juvenili
1220 3596 1349 3663 levitate

395 3700 498 3789 pluris
512 3701 646 3767 lacerem
663 3699 825 3767 scientiam
841 3721 955 3776 meam,
969 3720 1067 3783 quam
1082 3710 1174 3765 esset.
1207 3697 1349 3765 Videbar

396 3802 474 3869 mihi
490 3803 617 3883 sciolus,
630 3823 670 3867 ec
692 3800 779 3888 quod
796 3800 828 3865 in
844 3800 882 3867 iis
896 3823 972 3887 quae
990 3800 1164 3875 audieram,
1180 3814 1349 3888 promptus

395 3928 493 3973 eram·
536 3904 662 3973 Deinde
677 3925 821 3969 reversus
835 3904 867 3967 in
883 3926 945 3981 me,
959 3916 993 3968 et
1003 3902 1138 3969 metiens
1153 3903 1236 3968 viras
1250 3926 1348 3981 meas,

395 4008 481 4073 bona
502 4020 736 4095 praceptorum
759 4028 902 4071 meorum
925 4004 1041 4090 gratia,
1062 4004 1208 4070 consulto
1232 4028 1283 4070 me
1305 4004 1348 4069 ad

393 4110 639 4195 grammaticum
655 4112 694 4173 da
706 4110 841 4175 Cononis
856 4105 1015 4186 transtuli,
1025 4105 1196 4193 ipsumque
1211 4106 1349 4171 triennio

395 4212 561 4278 docentem
573 4211 693 4277 audivi.
740 4210 871 4275 lnterinr
885 4208 946 4294 legi
959 4208 1131 4295 plura,nec
1142 4230 1193 4272 mo
1204 4227 1347 4293 uuquam

395 4314 560 4400 poenitebit
573 4312 728 4400 temporis
742 4314 823 4400 ejus..
849 4309 1058 4377 Postmodum
1072 4331 1147 4373 vero
1159 4306 1349 4386 Ricardum,

394 4428 604 4503 cognomento
620 4414 827 4501 Episcopum,
850 4414 1010 4479 hominem
1032 4411 1099 4475 lere
1113 4406 1233 4474 nullius
1252 4407 1347 4475 disci·
