3625 5317
461 764 503 823 42
716 776 855 822 marrus
871 776 1146 825 mamaarsuus
1298 762 1381 843 [nra.
1398 784 1421 829 1.

462 925 577 993 babilis
599 939 664 991 est:
696 930 786 992 domo
806 935 854 992 art
874 930 978 1005 oldut,
999 930 1070 993 hren
1091 927 1224 1015 quidem
1243 932 1416 1018 possibilis,

459 1028 561 1094 dubia
575 1042 692 1105 tamen,
707 1028 847 1115 eoquod
862 1052 956 1116 aeque
976 1052 1051 1094 vera
1064 1043 1170 1116 potest
1185 1055 1253 1099 essa
1267 1047 1300 1099 et
1313 1034 1416 1100 falsa:

460 1134 548 1195 tomo
569 1138 617 1195 eat
637 1132 798 1208 rudibilis,
821 1131 889 1195 hmo
912 1130 1042 1217 quidem
1065 1130 1271 1219 impossibilis
1291 1147 1350 1209 est,
1375 1150 1414 1200 ut

460 1231 589 1296 omnino
604 1253 679 1296 vera
693 1254 759 1296 ease
775 1253 838 1297 nou
852 1232 965 1319 possit.

506 1330 634 1397 Nullam
645 1333 777 1397 istarum
786 1332 1014 1419 grammaticus
1021 1332 1187 1399 abhorret:
1203 1335 1281 1421 quia
1291 1336 1414 1423 ubique

459 1433 580 1498 invenit
606 1432 707 1521 legem
734 1454 835 1499 snam.
889 1432 980 1498 ruhi}
1004 1433 1140 1500 istorum
1166 1436 1309 1523 oorrigit‚
1333 1437 1412 1503 nihil

459 1536 626 1600 immutat:
650 1548 813 1621 gratanter
827 1536 942 1622 accipit
957 1538 1073 1600 omnia.
1104 1534 1264 1610 Quartam
1278 1539 1412 1625 corripit

458 1652 491 1705 et
505 1639 669 1723 redarguit
685 1638 823 1725 logicus:
851 1638 994 1725 eoquod
1013 1640 1073 1704 sibi
1089 1640 1154 1705 veri
1177 1638 1314 1727 falsique
1328 1664 1414 1705 oom-

460 1741 554 1805 missa
568 1752 616 1805 est
629 1738 832 1805 examinatio.
874 1742 920 1802 Et
934 1737 977 1802 ob
992 1737 1053 1801 hoo
1067 1738 1212 1825 quidem,
1227 1738 1256 1803 ei
1271 1739 1414 1824 praebere

462 1862 583 1916 aurem,
599 1840 688 1907 ducit
707 1837 892 1905 absurdum.
939 1835 1043 1901 Modo
1062 1837 1245 1924 praemissis,
1268 1837 1415 1924 quintam

463 1942 576 2028 adjice,
600 1946 691 2005 homo
712 1942 907 2024 outeporinua
928 1946 997 2011 eat:
1028 1938 1110 2003 hanc
1138 1938 1251 2026 ntique
1273 1938 1419 2005 absurdi·

459 2046 535 2108 tatis
556 2043 688 2107 damnat
709 2040 954 2127 grammaticus:
985 2040 1129 2127 quinon
1148 2042 1245 2106 modo
1267 2041 1413 2122 dubiam,

458 2166 521 2209 uon
536 2142 632 2207 modo
646 2144 768 2215 salsam,
781 2142 837 2207 sed
852 2141 947 2206 etiam
962 2142 1194 2229 impossibilem
1208 2143 1408 2210 admittebat.

462 2246 580 2323 Quare,
604 2242 732 2329 inquit?
764 2244 822 2308 uisi
846 2243 923 2330 qnia
950 2266 1012 2308 non
1036 2245 1182 2331 nequitur
1210 2244 1295 2331 leges
1317 2269 1410 2312 suaa:

459 2356 617 2433 perpetuo
638 2344 721 2407 enim
743 2342 869 2410 dicebat
881 2342 1068 2423 inhibitum,
1082 2346 1152 2412 haec
1172 2348 1334 2433 adjectiva
1348 2349 1411 2416 iilia

462 2446 607 2532 copulari
624 2445 789 2532 subjectis.

460 2636 540 2720 Cap.
562 2640 607 2699 16.
634 2634 727 2709 Quod
753 2632 912 2715 adjectivo
933 2635 1059 2716 primm
1084 2636 1313 2717 imposituram,
1337 2637 1411 2699 sub·

692 2736 842 2797 staminia
851 2736 974 2816 primia
980 2735 1176 2819 junguntur.

501 2858 577 2920 Nou
592 2866 699 2919 autem
712 2851 781 2915 vioe
793 2873 892 2931 versa,
901 2850 1058 2937 adjectiva
1067 2852 1180 2940 primae
1191 2854 1411 2940 impositionis,

455 2958 603 3023 secundas
631 2954 842 3021 institutionis
867 2953 1049 3019 nominibus
1073 2954 1180 3041 adjici,
1202 2954 1409 3041 impossibile,

456 3076 513 3127 aut
535 3061 764 3145 inconsequens
780 3069 838 3121 est.
893 3057 1020 3123 Natura
1041 3058 1125 3121 enim
1147 3058 1276 3144 copiosa
1297 3072 1356 3136 eat,
1378 3072 1412 3125 et

455 3160 613 3225 ubertatis
644 3180 711 3221 suae
743 3157 880 3241 gratiam
915 3156 1065 3220 humanm
1096 3158 1286 3244 indigentiae
1322 3160 1411 3227 facit.

456 3262 539 3327 Inde
560 3282 637 3344 ergo
662 3270 721 3338 est,
742 3258 830 3341 quod
853 3258 1032 3344 proprietas
1059 3283 1164 3325 rerum
1190 3260 1351 3326 redundat
1376 3263 1411 3327 iu

454 3386 556 3439 voces,
577 3360 655 3425 dnm
675 3358 756 3424 ratio
778 3358 905 3424 affectat
927 3382 1086 3427 sermones
1107 3361 1213 3439 rebus,
1230 3361 1271 3427 de
1291 3363 1411 3450 quibua

452 3463 608 3549 loquitur,
631 3482 698 3525 esse
719 3470 881 3543 cognatos.
926 3460 1056 3527 Dicitur
1080 3484 1158 3549 ergo
1179 3461 1283 3527 durus
1307 3483 1411 3527 sermo

453 3583 510 3631 aut
525 3562 647 3628 mollis:
672 3562 807 3626 verbum
822 3582 982 3646 asperum,
994 3576 1052 3628 aut
1068 3563 1152 3627 leve:
1176 3586 1290 3629 nomeu
1302 3565 1409 3640 dulce,

453 3676 678 3735 autamarnm:
694 3684 797 3750 quum
812 3660 879 3726 haeo
894 3676 1000 3729 tamen
1013 3664 1141 3751 proprie
1153 3688 1322 3752 corporum
1334 3666 1409 3741 sint,

451 3792 515 3837 non
544 3787 734 3833 sermonum.
791 3764 1002 3831 Inveniuntur
1031 3782 1064 3831 et
1093 3767 1233 3853 plurima
1260 3768 1293 3833 iu
1323 3769 1409 3833 huuc

451 3871 594 3949 modum,
608 3890 747 3955 quorum
762 3866 842 3933 nihil
857 3867 1013 3933 absonum
1028 3882 1087 3945 est,
1099 3884 1157 3935 aut
1172 3869 1243 3935 falsi
1259 3874 1409 3956 arguitur

452 3972 540 4062 apud
553 3971 697 4060 judicem
715 3970 808 4035 bonoe
828 3968 915 4046 fidei,
931 3970 982 4035 rel
1000 3971 1199 4039 auditorem:
1230 3970 1305 4036 lioet
1323 3972 1407 4037 enim

452 4076 531 4141 fides
553 4072 715 4144 rationalis
739 4084 894 4136 creaturae
916 4072 1077 4139 duntaxat
1103 4073 1207 4139 virtus
1228 4073 1282 4151 sit,
1305 4095 1410 4139 sermo

449 4193 555 4246 tamen
577 4174 680 4240 fidelis
700 4174 828 4255 dicitur,
842 4177 985 4261 itemque
1004 4174 1243 4253 fraudulentus,
1258 4175 1319 4240 etsi
1341 4197 1404 4240 uon

449 4282 480 4345 in
495 4280 575 4367 ipso,
587 4274 642 4341 sed
657 4274 690 4339 in
706 4275 832 4341 homine
843 4297 910 4341 esse
924 4275 1175 4343 fraudulentiam
1187 4278 1407 4344 oonrinoatur.

451 4380 560 4445 Solent
570 4375 653 4443 euim
664 4373 832 4453 naturalia,
845 4388 882 4441 nt
892 4374 936 4439 sic
945 4374 1091 4455 dixerim,
1101 4378 1266 4443 transferri
1276 4378 1404 4443 nomina
