<?xml version="1.0" encoding="UTF-8"?>
<!DOCTYPE html PUBLIC "-//W3C//DTD XHTML 1.0 Transitional//EN"
    "http://www.w3.org/TR/xhtml1/DTD/xhtml1-transitional.dtd">
<html xmlns="http://www.w3.org/1999/xhtml" xml:lang="en" lang="en">
 <head>
  <title>
</title>
<meta http-equiv="Content-Type" content="text/html;charset=utf-8" />
  <meta name='ocr-system' content='tesseract 3.04.00' />
  <meta name='ocr-capabilities' content='ocr_page ocr_carea ocr_par ocr_line ocrx_word'/>
</head>
<body>
  <div class='ocr_page' id='page_1' title='image "./joannissaresber13johngoog_0133.png"; bbox 0 0 3625 5317; ppageno 0'>
   <div class='ocr_carea' id='block_1_1' title="bbox 400 796 1345 876">
    <p class='ocr_par' dir='ltr' id='par_1_1' title="bbox 400 796 1345 876">
     <span class='ocr_line' id='line_1_1' title="bbox 400 796 1345 876; baseline 0.002 -19"><span class='ocrx_word' id='word_1_1' title='bbox 400 812 470 857; x_wconf 83' lang='lat' dir='ltr'><strong>car.</strong></span> <span class='ocrx_word' id='word_1_2' title='bbox 487 796 540 876; x_wconf 81' lang='lat' dir='ltr'><strong>m]</strong></span> <span class='ocrx_word' id='word_1_3' title='bbox 752 813 991 861; x_wconf 79' lang='lat' dir='ltr'><strong>uaramcrcua.</strong></span> <span class='ocrx_word' id='word_1_4' title='bbox 1288 800 1345 860; x_wconf 78' lang='lat' dir='ltr'><strong>tal</strong></span> 
     </span>
    </p>
   </div>
   <div class='ocr_carea' id='block_1_2' title="bbox 395 950 1349 2960">
    <p class='ocr_par' dir='ltr' id='par_1_2' title="bbox 395 950 1349 2960">
     <span class='ocr_line' id='line_1_2' title="bbox 398 950 1347 1043; baseline 0.006 -19"><span class='ocrx_word' id='word_1_5' title='bbox 398 972 503 1026; x_wconf 86' lang='lat' dir='ltr'><strong>autem</strong></span> <span class='ocrx_word' id='word_1_6' title='bbox 528 962 918 1043; x_wconf 61' lang='lat' dir='ltr'><strong>hammoniacum:</strong></span> <span class='ocrx_word' id='word_1_7' title='bbox 947 963 1074 1027; x_wconf 76' lang='lat' dir='ltr'><strong>caecitas</strong></span> <span class='ocrx_word' id='word_1_8' title='bbox 1099 950 1185 1039; x_wconf 79' lang='lat' dir='ltr'><strong>¹vero,</strong></span> <span class='ocrx_word' id='word_1_9' title='bbox 1208 963 1347 1031; x_wconf 89' lang='lat' dir='ltr'><strong>minime.</strong></span> 
     </span>
     <span class='ocr_line' id='line_1_3' title="bbox 400 1064 1349 1152; baseline 0.003 -26"><span class='ocrx_word' id='word_1_10' title='bbox 400 1064 473 1127; x_wconf 91' lang='lat' dir='ltr'><strong>Non</strong></span> <span class='ocrx_word' id='word_1_11' title='bbox 488 1078 537 1129; x_wconf 85' lang='lat' dir='ltr'><strong>cat</strong></span> <span class='ocrx_word' id='word_1_12' title='bbox 556 1065 665 1152; x_wconf 84' lang='lat' dir='ltr'><strong>itaque</strong></span> <span class='ocrx_word' id='word_1_13' title='bbox 680 1089 720 1131; x_wconf 79' lang='lat' dir='ltr'><strong>ex</strong></span> <span class='ocrx_word' id='word_1_14' title='bbox 744 1066 806 1131; x_wconf 88' lang='lat' dir='ltr'><strong>levi</strong></span> <span class='ocrx_word' id='word_1_15' title='bbox 828 1064 990 1129; x_wconf 79' lang='lat' dir='ltr'>occasione</span> <span class='ocrx_word' id='word_1_16' title='bbox 1004 1066 1105 1142; x_wconf 86' lang='lat' dir='ltr'><strong>verbi,</strong></span> <span class='ocrx_word' id='word_1_17' title='bbox 1122 1065 1219 1130; x_wconf 89' lang='lat' dir='ltr'><strong>menti</strong></span> <span class='ocrx_word' id='word_1_18' title='bbox 1241 1080 1349 1131; x_wconf 89' lang='lat' dir='ltr'><strong>aucto-</strong></span> 
     </span>
     <span class='ocr_line' id='line_1_4' title="bbox 396 1166 1349 1254; baseline 0.003 -26"><span class='ocrx_word' id='word_1_19' title='bbox 396 1187 467 1229; x_wconf 85' lang='lat' dir='ltr'><strong>rum</strong></span> <span class='ocrx_word' id='word_1_20' title='bbox 484 1166 767 1252; x_wconf 81' lang='lat' dir='ltr'><strong>praejudicandum‚</strong></span> <span class='ocrx_word' id='word_1_21' title='bbox 783 1190 858 1254; x_wconf 76' lang='lat' dir='ltr'><strong>quar</strong></span> <span class='ocrx_word' id='word_1_22' title='bbox 881 1190 920 1231; x_wconf 90' lang='lat' dir='ltr'><strong>ex</strong></span> <span class='ocrx_word' id='word_1_23' title='bbox 941 1167 1179 1233; x_wconf 81' lang='lat' dir='ltr'><strong>circumstantia</strong></span> <span class='ocrx_word' id='word_1_24' title='bbox 1196 1167 1349 1232; x_wconf 73' lang='lat' dir='ltr'><strong>sermonis</strong></span> 
     </span>
     <span class='ocr_line' id='line_1_5' title="bbox 396 1266 1347 1354; baseline 0.002 -25"><span class='ocrx_word' id='word_1_25' title='bbox 396 1266 556 1351; x_wconf 84' lang='lat' dir='ltr'><strong>pensanda</strong></span> <span class='ocrx_word' id='word_1_26' title='bbox 571 1281 629 1333; x_wconf 86' lang='lat' dir='ltr'><strong>eat.</strong></span> <span class='ocrx_word' id='word_1_27' title='bbox 675 1269 748 1332; x_wconf 93' lang='lat' dir='ltr'><strong>Non</strong></span> <span class='ocrx_word' id='word_1_28' title='bbox 763 1268 847 1333; x_wconf 90' lang='lat' dir='ltr'><strong>enim</strong></span> <span class='ocrx_word' id='word_1_29' title='bbox 860 1268 965 1331; x_wconf 80' lang='lat' dir='ltr'><strong>omnia</strong></span> <span class='ocrx_word' id='word_1_30' title='bbox 979 1268 1079 1333; x_wconf 87' lang='lat' dir='ltr'><strong>dictio</strong></span> <span class='ocrx_word' id='word_1_31' title='bbox 1093 1291 1217 1354; x_wconf 88' lang='lat' dir='ltr'><strong>aemper</strong></span> <span class='ocrx_word' id='word_1_32' title='bbox 1236 1268 1347 1333; x_wconf 88' lang='lat' dir='ltr'><strong>eodem</strong></span> 
     </span>
     <span class='ocr_line' id='line_1_6' title="bbox 395 1366 1347 1448; baseline 0.008 -19"><span class='ocrx_word' id='word_1_33' title='bbox 395 1366 552 1432; x_wconf 85' lang='lat' dir='ltr'><strong>formatur</strong></span> <span class='ocrx_word' id='word_1_34' title='bbox 563 1368 734 1435; x_wconf 83' lang='lat' dir='ltr'><strong>schemate.</strong></span> <span class='ocrx_word' id='word_1_35' title='bbox 763 1368 863 1434; x_wconf 86' lang='lat' dir='ltr'><strong>Plane</strong></span> <span class='ocrx_word' id='word_1_36' title='bbox 873 1370 1120 1448; x_wconf 88' lang='lat' dir='ltr'><strong>denominativa,</strong></span> <span class='ocrx_word' id='word_1_37' title='bbox 1132 1394 1196 1436; x_wconf 92' lang='lat' dir='ltr'><strong>non</strong></span> <span class='ocrx_word' id='word_1_38' title='bbox 1210 1372 1347 1437; x_wconf 90' lang='lat' dir='ltr'><strong>eundem</strong></span> 
     </span>
     <span class='ocr_line' id='line_1_7' title="bbox 395 1468 1347 1556; baseline 0.009 -25"><span class='ocrx_word' id='word_1_39' title='bbox 395 1468 445 1532; x_wconf 85' lang='lat' dir='ltr'><strong>hia</strong></span> <span class='ocrx_word' id='word_1_40' title='bbox 468 1490 487 1533; x_wconf 87' lang='lat' dir='ltr'><strong>a</strong></span> <span class='ocrx_word' id='word_1_41' title='bbox 510 1470 631 1553; x_wconf 87' lang='lat' dir='ltr'><strong>quibua</strong></span> <span class='ocrx_word' id='word_1_42' title='bbox 653 1470 911 1549; x_wconf 80' lang='lat' dir='ltr'><strong>denominantur,</strong></span> <span class='ocrx_word' id='word_1_43' title='bbox 932 1471 1128 1537; x_wconf 86' lang='lat' dir='ltr'><strong>intellectum</strong></span> <span class='ocrx_word' id='word_1_44' title='bbox 1156 1472 1347 1556; x_wconf 74' lang='lat' dir='ltr'><strong>significant,</strong></span> 
     </span>
     <span class='ocr_line' id='line_1_8' title="bbox 397 1554 1348 1647; baseline 0.004 -13"><span class='ocrx_word' id='word_1_45' title='bbox 397 1593 453 1635; x_wconf 90' lang='lat' dir='ltr'><strong>nec</strong></span> <span class='ocrx_word' id='word_1_46' title='bbox 467 1571 500 1635; x_wconf 94' lang='lat' dir='ltr'><strong>in</strong></span> <span class='ocrx_word' id='word_1_47' title='bbox 516 1571 649 1635; x_wconf 86' lang='lat' dir='ltr'><strong>eandem</strong></span> <span class='ocrx_word' id='word_1_48' title='bbox 665 1594 730 1635; x_wconf 89' lang='lat' dir='ltr'><strong>rem</strong></span> <span class='ocrx_word' id='word_1_49' title='bbox 746 1554 909 1637; x_wconf 77' lang='lat' dir='ltr'><strong>descendit</strong></span> <span class='ocrx_word' id='word_1_50' title='bbox 924 1576 1049 1637; x_wconf 79' lang='lat' dir='ltr'><strong>animur</strong></span> <span class='ocrx_word' id='word_1_51' title='bbox 1063 1573 1114 1636; x_wconf 84' lang='lat' dir='ltr'><strong>hia</strong></span> <span class='ocrx_word' id='word_1_52' title='bbox 1128 1572 1267 1647; x_wconf 80' lang='lat' dir='ltr'><strong>auditia3</strong></span> <span class='ocrx_word' id='word_1_53' title='bbox 1290 1596 1348 1638; x_wconf 87' lang='lat' dir='ltr'><strong>nec</strong></span> 
     </span>
     <span class='ocr_line' id='line_1_9' title="bbox 395 1670 1348 1759; baseline 0 -23"><span class='ocrx_word' id='word_1_54' title='bbox 395 1670 570 1736; x_wconf 85' lang='lat' dir='ltr'><strong>eorundem</strong></span> <span class='ocrx_word' id='word_1_55' title='bbox 594 1672 788 1759; x_wconf 83' lang='lat' dir='ltr'><strong>appellativa</strong></span> <span class='ocrx_word' id='word_1_56' title='bbox 802 1684 896 1737; x_wconf 87' lang='lat' dir='ltr'><strong>sunt:</strong></span> <span class='ocrx_word' id='word_1_57' title='bbox 928 1693 996 1736; x_wconf 85' lang='lat' dir='ltr'><strong>aaa</strong></span> <span class='ocrx_word' id='word_1_58' title='bbox 1021 1670 1103 1734; x_wconf 87' lang='lat' dir='ltr'><strong>enim</strong></span> <span class='ocrx_word' id='word_1_59' title='bbox 1125 1671 1259 1735; x_wconf 85' lang='lat' dir='ltr'><strong>invicem</strong></span> <span class='ocrx_word' id='word_1_60' title='bbox 1282 1677 1348 1758; x_wconf 88' lang='lat' dir='ltr'><strong>ple-</strong></span> 
     </span>
     <span class='ocr_line' id='line_1_10' title="bbox 397 1772 1349 1859; baseline 0.001 -21"><span class='ocrx_word' id='word_1_61' title='bbox 397 1794 535 1859; x_wconf 86' lang='lat' dir='ltr'><strong>rumque</strong></span> <span class='ocrx_word' id='word_1_62' title='bbox 550 1788 765 1851; x_wconf 83' lang='lat' dir='ltr'>removentur,</span> <span class='ocrx_word' id='word_1_63' title='bbox 781 1785 814 1837; x_wconf 91' lang='lat' dir='ltr'><strong>et</strong></span> <span class='ocrx_word' id='word_1_64' title='bbox 835 1774 875 1837; x_wconf 89' lang='lat' dir='ltr'><strong>ad</strong></span> <span class='ocrx_word' id='word_1_65' title='bbox 898 1794 936 1837; x_wconf 87' lang='lat' dir='ltr'><strong>ea</strong></span> <span class='ocrx_word' id='word_1_66' title='bbox 961 1772 1106 1856; x_wconf 81' lang='lat' dir='ltr'><strong>sequitur</strong></span> <span class='ocrx_word' id='word_1_67' title='bbox 1130 1772 1349 1839; x_wconf 86' lang='lat' dir='ltr'><strong>contradictio.</strong></span> 
     </span>
     <span class='ocr_line' id='line_1_11' title="bbox 396 1871 1348 1961; baseline 0.002 -24"><span class='ocrx_word' id='word_1_68' title='bbox 396 1872 566 1937; x_wconf 80' lang='lat' dir='ltr'><strong>Interdum</strong></span> <span class='ocrx_word' id='word_1_69' title='bbox 583 1888 689 1938; x_wconf 86' lang='lat' dir='ltr'><strong>tamen</strong></span> <span class='ocrx_word' id='word_1_70' title='bbox 705 1897 737 1938; x_wconf 85' lang='lat' dir='ltr'><strong>ee</strong></span> <span class='ocrx_word' id='word_1_71' title='bbox 751 1871 910 1961; x_wconf 78' lang='lat' dir='ltr'><strong>patienter</strong></span> <span class='ocrx_word' id='word_1_72' title='bbox 927 1873 1114 1955; x_wconf 88' lang='lat' dir='ltr'><strong>admittunt,</strong></span> <span class='ocrx_word' id='word_1_73' title='bbox 1129 1887 1162 1939; x_wconf 90' lang='lat' dir='ltr'><strong>et</strong></span> <span class='ocrx_word' id='word_1_74' title='bbox 1177 1872 1218 1939; x_wconf 92' lang='lat' dir='ltr'><strong>de</strong></span> <span class='ocrx_word' id='word_1_75' title='bbox 1238 1874 1348 1939; x_wconf 87' lang='lat' dir='ltr'><strong>eodem</strong></span> 
     </span>
     <span class='ocr_line' id='line_1_12' title="bbox 396 1965 1349 2062; baseline 0.004 -27"><span class='ocrx_word' id='word_1_76' title='bbox 396 1972 502 2048; x_wconf 82' lang='lat' dir='ltr'><strong>simul,</strong></span> <span class='ocrx_word' id='word_1_77' title='bbox 513 1965 569 2035; x_wconf 54' lang='lat' dir='ltr'><strong>‘vel</strong></span> <span class='ocrx_word' id='word_1_78' title='bbox 595 1975 634 2036; x_wconf 94' lang='lat' dir='ltr'><strong>de</strong></span> <span class='ocrx_word' id='word_1_79' title='bbox 659 1972 849 2039; x_wconf 82' lang='lat' dir='ltr'><strong>seinvicem</strong></span> <span class='ocrx_word' id='word_1_80' title='bbox 874 1974 1093 2062; x_wconf 67' lang='lat' dir='ltr'><strong>predicantur</strong></span> <span class='ocrx_word' id='word_1_81' title='bbox 1112 1973 1349 2041; x_wconf 76' lang='lat' dir='ltr'><strong>denominative</strong></span> 
     </span>
     <span class='ocr_line' id='line_1_13' title="bbox 395 2071 1347 2159; baseline 0.003 -22"><span class='ocrx_word' id='word_1_82' title='bbox 395 2073 574 2159; x_wconf 82' lang='lat' dir='ltr'><strong>conjugata.</strong></span> <span class='ocrx_word' id='word_1_83' title='bbox 616 2071 697 2137; x_wconf 89' lang='lat' dir='ltr'><strong>Nam</strong></span> <span class='ocrx_word' id='word_1_84' title='bbox 714 2088 746 2141; x_wconf 84' lang='lat' dir='ltr'><strong>et</strong></span> <span class='ocrx_word' id='word_1_85' title='bbox 761 2074 885 2140; x_wconf 79' lang='lat' dir='ltr'><strong>bonitas</strong></span> <span class='ocrx_word' id='word_1_86' title='bbox 900 2077 996 2153; x_wconf 86' lang='lat' dir='ltr'><strong>bona,</strong></span> <span class='ocrx_word' id='word_1_87' title='bbox 1011 2096 1081 2139; x_wconf 79' lang='lat' dir='ltr'><strong>una</strong></span> <span class='ocrx_word' id='word_1_88' title='bbox 1098 2076 1205 2140; x_wconf 81' lang='lat' dir='ltr'><strong>unitae</strong></span> <span class='ocrx_word' id='word_1_89' title='bbox 1219 2074 1347 2141; x_wconf 88' lang='lat' dir='ltr'><strong>dicitur.</strong></span> 
     </span>
     <span class='ocr_line' id='line_1_14' title="bbox 397 2172 1347 2259; baseline 0.004 -24"><span class='ocrx_word' id='word_1_90' title='bbox 397 2172 557 2257; x_wconf 77' lang='lat' dir='ltr'><strong>Regulam</strong></span> <span class='ocrx_word' id='word_1_91' title='bbox 573 2182 677 2238; x_wconf 85' lang='lat' dir='ltr'><strong>tamen</strong></span> <span class='ocrx_word' id='word_1_92' title='bbox 694 2187 753 2253; x_wconf 84' lang='lat' dir='ltr'><strong>est,</strong></span> <span class='ocrx_word' id='word_1_93' title='bbox 770 2188 807 2239; x_wconf 93' lang='lat' dir='ltr'><strong>ut</strong></span> <span class='ocrx_word' id='word_1_94' title='bbox 823 2176 865 2240; x_wconf 88' lang='lat' dir='ltr'><strong>ad</strong></span> <span class='ocrx_word' id='word_1_95' title='bbox 888 2198 926 2239; x_wconf 89' lang='lat' dir='ltr'><strong>ea</strong></span> <span class='ocrx_word' id='word_1_96' title='bbox 949 2187 1104 2259; x_wconf 81' lang='lat' dir='ltr'><strong>aequatur</strong></span> <span class='ocrx_word' id='word_1_97' title='bbox 1125 2174 1347 2253; x_wconf 74' lang='lat' dir='ltr'><strong>contradictio,</strong></span> 
     </span>
     <span class='ocr_line' id='line_1_15' title="bbox 396 2272 1345 2360; baseline 0.001 -24"><span class='ocrx_word' id='word_1_98' title='bbox 396 2272 483 2355; x_wconf 89' lang='lat' dir='ltr'><strong>quod</strong></span> <span class='ocrx_word' id='word_1_99' title='bbox 499 2284 602 2337; x_wconf 84' lang='lat' dir='ltr'><strong>tamen</strong></span> <span class='ocrx_word' id='word_1_100' title='bbox 623 2296 662 2337; x_wconf 89' lang='lat' dir='ltr'><strong>ex</strong></span> <span class='ocrx_word' id='word_1_101' title='bbox 686 2296 782 2339; x_wconf 82' lang='lat' dir='ltr'><strong>cauea</strong></span> <span class='ocrx_word' id='word_1_102' title='bbox 801 2273 1100 2360; x_wconf 73' lang='lat' dir='ltr'><strong>consignificationis</strong></span> <span class='ocrx_word' id='word_1_103' title='bbox 1120 2273 1234 2359; x_wconf 85' lang='lat' dir='ltr'><strong>magia,</strong></span> <span class='ocrx_word' id='word_1_104' title='bbox 1249 2293 1345 2358; x_wconf 87' lang='lat' dir='ltr'><strong>quam</strong></span> 
     </span>
     <span class='ocr_line' id='line_1_16' title="bbox 397 2373 1348 2462; baseline 0.003 -25"><span class='ocrx_word' id='word_1_105' title='bbox 397 2373 631 2458; x_wconf 77' lang='lat' dir='ltr'><strong>significationis</strong></span> <span class='ocrx_word' id='word_1_106' title='bbox 646 2389 790 2441; x_wconf 83' lang='lat' dir='ltr'><strong>asserunt</strong></span> <span class='ocrx_word' id='word_1_107' title='bbox 806 2379 941 2440; x_wconf 86' lang='lat' dir='ltr'><strong>evenire.</strong></span> <span class='ocrx_word' id='word_1_108' title='bbox 987 2376 1033 2439; x_wconf 87' lang='lat' dir='ltr'><strong>Et</strong></span> <span class='ocrx_word' id='word_1_109' title='bbox 1048 2374 1107 2439; x_wconf 88' lang='lat' dir='ltr'><strong>hoc</strong></span> <span class='ocrx_word' id='word_1_110' title='bbox 1129 2374 1258 2462; x_wconf 85' lang='lat' dir='ltr'><strong>quidem</strong></span> <span class='ocrx_word' id='word_1_111' title='bbox 1274 2397 1348 2460; x_wconf 87' lang='lat' dir='ltr'><strong>pro·</strong></span> 
     </span>
     <span class='ocr_line' id='line_1_17' title="bbox 396 2474 1347 2562; baseline 0.002 -22"><span class='ocrx_word' id='word_1_112' title='bbox 396 2476 559 2541; x_wconf 85' lang='lat' dir='ltr'><strong>habiliter:</strong></span> <span class='ocrx_word' id='word_1_113' title='bbox 589 2499 629 2540; x_wconf 91' lang='lat' dir='ltr'><strong>an</strong></span> <span class='ocrx_word' id='word_1_114' title='bbox 654 2478 730 2542; x_wconf 81' lang='lat' dir='ltr'><strong>satia</strong></span> <span class='ocrx_word' id='word_1_115' title='bbox 751 2500 833 2557; x_wconf 86' lang='lat' dir='ltr'><strong>vere,</strong></span> <span class='ocrx_word' id='word_1_116' title='bbox 847 2474 1024 2562; x_wconf 87' lang='lat' dir='ltr'><strong>dijudicent</strong></span> <span class='ocrx_word' id='word_1_117' title='bbox 1046 2478 1152 2562; x_wconf 86' lang='lat' dir='ltr'><strong>periti.</strong></span> <span class='ocrx_word' id='word_1_118' title='bbox 1198 2480 1282 2542; x_wconf 90' lang='lat' dir='ltr'><strong>Nam</strong></span> <span class='ocrx_word' id='word_1_119' title='bbox 1304 2477 1347 2542; x_wconf 89' lang='lat' dir='ltr'><strong>ad</strong></span> 
     </span>
     <span class='ocr_line' id='line_1_18' title="bbox 396 2576 1346 2663; baseline 0 -22"><span class='ocrx_word' id='word_1_120' title='bbox 396 2602 443 2659; x_wconf 89' lang='lat' dir='ltr'><strong>ea,</strong></span> <span class='ocrx_word' id='word_1_121' title='bbox 457 2598 530 2662; x_wconf 80' lang='lat' dir='ltr'><strong>quoe</strong></span> <span class='ocrx_word' id='word_1_122' title='bbox 545 2576 626 2642; x_wconf 86' lang='lat' dir='ltr'><strong>idem</strong></span> <span class='ocrx_word' id='word_1_123' title='bbox 644 2576 831 2663; x_wconf 81' lang='lat' dir='ltr'><strong>significant,</strong></span> <span class='ocrx_word' id='word_1_124' title='bbox 848 2600 888 2641; x_wconf 88' lang='lat' dir='ltr'><strong>ex</strong></span> <span class='ocrx_word' id='word_1_125' title='bbox 902 2599 998 2642; x_wconf 85' lang='lat' dir='ltr'><strong>causa</strong></span> <span class='ocrx_word' id='word_1_126' title='bbox 1012 2576 1250 2663; x_wconf 77' lang='lat' dir='ltr'><strong>significationis</strong></span> <span class='ocrx_word' id='word_1_127' title='bbox 1263 2577 1346 2642; x_wconf 92' lang='lat' dir='ltr'><strong>dun-</strong></span> 
     </span>
     <span class='ocr_line' id='line_1_19' title="bbox 397 2677 1348 2765; baseline 0 -22"><span class='ocrx_word' id='word_1_128' title='bbox 397 2691 497 2752; x_wconf 83' lang='lat' dir='ltr'><strong>taxat,</strong></span> <span class='ocrx_word' id='word_1_129' title='bbox 508 2678 654 2765; x_wconf 84' lang='lat' dir='ltr'><strong>sequitur</strong></span> <span class='ocrx_word' id='word_1_130' title='bbox 661 2677 878 2742; x_wconf 87' lang='lat' dir='ltr'><strong>contradictio.</strong></span> <span class='ocrx_word' id='word_1_131' title='bbox 917 2677 1348 2763; x_wconf 83' lang='lat' dir='ltr'><strong>Singularisenimuumerua</strong></span> 
     </span>
     <span class='ocr_line' id='line_1_20' title="bbox 396 2776 1346 2865; baseline -0.001 -23"><span class='ocrx_word' id='word_1_132' title='bbox 396 2780 518 2863; x_wconf 82' lang='lat' dir='ltr'><strong>positus</strong></span> <span class='ocrx_word' id='word_1_133' title='bbox 541 2777 684 2864; x_wconf 78' lang='lat' dir='ltr'><strong>ejusdem</strong></span> <span class='ocrx_word' id='word_1_134' title='bbox 707 2778 844 2841; x_wconf 79' lang='lat' dir='ltr'><strong>nominis</strong></span> <span class='ocrx_word' id='word_1_135' title='bbox 866 2777 1024 2865; x_wconf 81' lang='lat' dir='ltr'><strong>pluralem</strong></span> <span class='ocrx_word' id='word_1_136' title='bbox 1046 2776 1142 2853; x_wconf 79' lang='lat' dir='ltr'><strong>tollit,</strong></span> <span class='ocrx_word' id='word_1_137' title='bbox 1158 2789 1196 2839; x_wconf 92' lang='lat' dir='ltr'><strong>ut</strong></span> <span class='ocrx_word' id='word_1_138' title='bbox 1219 2777 1244 2839; x_wconf 84' lang='lat' dir='ltr'><strong>ai</strong></span> <span class='ocrx_word' id='word_1_139' title='bbox 1267 2776 1346 2862; x_wconf 89' lang='lat' dir='ltr'><strong>quid</strong></span> 
     </span>
     <span class='ocr_line' id='line_1_21' title="bbox 397 2875 1345 2960; baseline -0.004 -17"><span class='ocrx_word' id='word_1_140' title='bbox 397 2879 491 2944; x_wconf 90' lang='lat' dir='ltr'><strong>homo</strong></span> <span class='ocrx_word' id='word_1_141' title='bbox 511 2894 571 2943; x_wconf 87' lang='lat' dir='ltr'><strong>est.</strong></span> <span class='ocrx_word' id='word_1_142' title='bbox 615 2877 702 2943; x_wconf 91' lang='lat' dir='ltr'><strong>Illud</strong></span> <span class='ocrx_word' id='word_1_143' title='bbox 728 2877 871 2941; x_wconf 79' lang='lat' dir='ltr'><strong>homines</strong></span> <span class='ocrx_word' id='word_1_144' title='bbox 894 2899 957 2940; x_wconf 89' lang='lat' dir='ltr'><strong>uon</strong></span> <span class='ocrx_word' id='word_1_145' title='bbox 980 2889 1039 2941; x_wconf 85' lang='lat' dir='ltr'><strong>eat.</strong></span> <span class='ocrx_word' id='word_1_146' title='bbox 1084 2875 1175 2938; x_wconf 84' lang='lat' dir='ltr'><strong>Nihil</strong></span> <span class='ocrx_word' id='word_1_147' title='bbox 1198 2875 1345 2960; x_wconf 89' lang='lat' dir='ltr'><strong>equidem</strong></span> 
     </span>
    </p>
   </div>
   <div class='ocr_carea' id='block_1_3' title="bbox 396 2973 1459 3065">
    <p class='ocr_par' dir='ltr' id='par_1_3' title="bbox 396 2973 1459 3065">
     <span class='ocr_line' id='line_1_22' title="bbox 396 2973 1459 3065; baseline -0.002 -21"><span class='ocrx_word' id='word_1_148' title='bbox 396 2982 505 3056; x_wconf 80' lang='lat' dir='ltr'><strong>refert,</strong></span> <span class='ocrx_word' id='word_1_149' title='bbox 515 2978 601 3043; x_wconf 89' lang='lat' dir='ltr'><strong>unde</strong></span> <span class='ocrx_word' id='word_1_150' title='bbox 613 2976 790 3063; x_wconf 87' lang='lat' dir='ltr'><strong>proveniat,</strong></span> <span class='ocrx_word' id='word_1_151' title='bbox 802 2998 903 3063; x_wconf 89' lang='lat' dir='ltr'><strong>quum</strong></span> <span class='ocrx_word' id='word_1_152' title='bbox 914 2976 1071 3065; x_wconf 77' lang='lat' dir='ltr'><strong>eo&#39;tendat</strong></span> <span class='ocrx_word' id='word_1_153' title='bbox 1081 2973 1271 3041; x_wconf 83' lang='lat' dir='ltr'><strong>Dialecticea</strong></span> <span class='ocrx_word' id='word_1_154' title='bbox 1279 2989 1348 3043; x_wconf 81' lang='lat' dir='ltr'><strong>tota</strong></span> <span class='ocrx_word' id='word_1_155' title='bbox 1456 3052 1459 3055; x_wconf 84' lang='lat'><strong>.</strong></span> 
     </span>
    </p>
   </div>
   <div class='ocr_carea' id='block_1_4' title="bbox 392 3069 1348 4458">
    <p class='ocr_par' dir='ltr' id='par_1_4' title="bbox 392 3069 1348 4458">
     <span class='ocr_line' id='line_1_23' title="bbox 393 3069 1348 3164; baseline -0.003 -19"><span class='ocrx_word' id='word_1_156' title='bbox 393 3080 543 3155; x_wconf 87' lang='lat' dir='ltr'><strong>intentio,</strong></span> <span class='ocrx_word' id='word_1_157' title='bbox 559 3089 597 3142; x_wconf 85' lang='lat' dir='ltr'><strong>ut</strong></span> <span class='ocrx_word' id='word_1_158' title='bbox 613 3098 790 3141; x_wconf 75' lang='lat' dir='ltr'><strong>sermonum</strong></span> <span class='ocrx_word' id='word_1_159' title='bbox 807 3076 871 3139; x_wconf 84' lang='lat' dir='ltr'><strong>vim</strong></span> <span class='ocrx_word' id='word_1_160' title='bbox 887 3069 1020 3161; x_wconf 85' lang='lat' dir='ltr'><strong>aperiat,</strong></span> <span class='ocrx_word' id='word_1_161' title='bbox 1035 3089 1067 3140; x_wconf 88' lang='lat' dir='ltr'><strong>et</strong></span> <span class='ocrx_word' id='word_1_162' title='bbox 1082 3098 1122 3139; x_wconf 86' lang='lat' dir='ltr'><strong>ex</strong></span> <span class='ocrx_word' id='word_1_163' title='bbox 1138 3096 1247 3139; x_wconf 87' lang='lat' dir='ltr'><strong>eorum</strong></span> <span class='ocrx_word' id='word_1_164' title='bbox 1266 3079 1348 3164; x_wconf 85' lang='lat' dir='ltr'><strong>prae-</strong></span> 
     </span>
     <span class='ocr_line' id='line_1_24' title="bbox 392 3156 1345 3259; baseline -0.006 -14"><span class='ocrx_word' id='word_1_165' title='bbox 392 3178 562 3259; x_wconf 78' lang='lat' dir='ltr'><strong>dictatione,</strong></span> <span class='ocrx_word' id='word_1_166' title='bbox 587 3174 788 3241; x_wconf 82' lang='lat' dir='ltr'><strong>examinandi</strong></span> <span class='ocrx_word' id='word_1_167' title='bbox 819 3174 896 3253; x_wconf 84' lang='lat' dir='ltr'><strong>veri,</strong></span> <span class='ocrx_word' id='word_1_168' title='bbox 923 3189 956 3239; x_wconf 85' lang='lat' dir='ltr'><strong>et</strong></span> <span class='ocrx_word' id='word_1_169' title='bbox 986 3156 1157 3251; x_wconf 73' lang='lat' dir='ltr'><strong>statuendi,</strong></span> <span class='ocrx_word' id='word_1_170' title='bbox 1184 3173 1345 3241; x_wconf 77' lang='lat' dir='ltr'><strong>scientiam</strong></span> 
     </span>
     <span class='ocr_line' id='line_1_25' title="bbox 393 3273 1346 3364; baseline -0.007 -18"><span class='ocrx_word' id='word_1_171' title='bbox 393 3291 593 3364; x_wconf 83' lang='lat' dir='ltr'><strong>assequatur.</strong></span> <span class='ocrx_word' id='word_1_172' title='bbox 641 3276 712 3340; x_wconf 90' lang='lat' dir='ltr'><strong>Hoc</strong></span> <span class='ocrx_word' id='word_1_173' title='bbox 741 3274 819 3361; x_wconf 78' lang='lat' dir='ltr'><strong>agit,</strong></span> <span class='ocrx_word' id='word_1_174' title='bbox 849 3275 915 3339; x_wconf 86' lang='lat' dir='ltr'><strong>sive</strong></span> <span class='ocrx_word' id='word_1_175' title='bbox 943 3273 1079 3354; x_wconf 84' lang='lat' dir='ltr'><strong>dividat,</strong></span> <span class='ocrx_word' id='word_1_176' title='bbox 1111 3275 1176 3339; x_wconf 86' lang='lat' dir='ltr'><strong>aive</strong></span> <span class='ocrx_word' id='word_1_177' title='bbox 1205 3274 1346 3357; x_wconf 82' lang='lat' dir='ltr'><strong>definiat,</strong></span> 
     </span>
     <span class='ocr_line' id='line_1_26' title="bbox 395 3375 1344 3464; baseline -0.005 -19"><span class='ocrx_word' id='word_1_178' title='bbox 395 3380 459 3446; x_wconf 87' lang='lat' dir='ltr'><strong>sive</strong></span> <span class='ocrx_word' id='word_1_179' title='bbox 480 3378 621 3464; x_wconf 83' lang='lat' dir='ltr'><strong>colligat,</strong></span> <span class='ocrx_word' id='word_1_180' title='bbox 638 3378 705 3443; x_wconf 84' lang='lat' dir='ltr'><strong>aive</strong></span> <span class='ocrx_word' id='word_1_181' title='bbox 727 3399 775 3452; x_wconf 87' lang='lat' dir='ltr'><strong>ea,</strong></span> <span class='ocrx_word' id='word_1_182' title='bbox 797 3398 872 3463; x_wconf 74' lang='lat' dir='ltr'><strong>quae</strong></span> <span class='ocrx_word' id='word_1_183' title='bbox 894 3376 1013 3441; x_wconf 83' lang='lat' dir='ltr'><strong>suerint</strong></span> <span class='ocrx_word' id='word_1_184' title='bbox 1034 3375 1344 3452; x_wconf 66' lang='lat' dir='ltr'><strong>collectmrewlvat.</strong></span> 
     </span>
     <span class='ocr_line' id='line_1_27' title="bbox 396 3475 1346 3566; baseline -0.004 -23"><span class='ocrx_word' id='word_1_185' title='bbox 396 3482 486 3566; x_wconf 85' lang='lat' dir='ltr'><strong>Ergo</strong></span> <span class='ocrx_word' id='word_1_186' title='bbox 500 3478 746 3552; x_wconf 88' lang='lat' dir='ltr'><strong>denominativa,</strong></span> <span class='ocrx_word' id='word_1_187' title='bbox 762 3476 940 3561; x_wconf 81' lang='lat' dir='ltr'><strong>significant</strong></span> <span class='ocrx_word' id='word_1_188' title='bbox 963 3477 1102 3564; x_wconf 88' lang='lat' dir='ltr'><strong>quodam</strong></span> <span class='ocrx_word' id='word_1_189' title='bbox 1117 3475 1214 3540; x_wconf 91' lang='lat' dir='ltr'><strong>modo</strong></span> <span class='ocrx_word' id='word_1_190' title='bbox 1234 3479 1346 3558; x_wconf 80' lang='lat' dir='ltr'><strong>qualia</strong></span> 
     </span>
     <span class='ocr_line' id='line_1_28' title="bbox 396 3576 1346 3666; baseline -0.004 -21"><span class='ocrx_word' id='word_1_191' title='bbox 396 3604 435 3645; x_wconf 90' lang='lat' dir='ltr'><strong>ex</strong></span> <span class='ocrx_word' id='word_1_192' title='bbox 446 3579 625 3666; x_wconf 83' lang='lat' dir='ltr'><strong>aliquibus:</strong></span> <span class='ocrx_word' id='word_1_193' title='bbox 647 3577 701 3642; x_wconf 86' lang='lat' dir='ltr'><strong>illa</strong></span> <span class='ocrx_word' id='word_1_194' title='bbox 713 3599 798 3655; x_wconf 88' lang='lat' dir='ltr'><strong>vero,</strong></span> <span class='ocrx_word' id='word_1_195' title='bbox 811 3600 828 3641; x_wconf 89' lang='lat' dir='ltr'><strong>a</strong></span> <span class='ocrx_word' id='word_1_196' title='bbox 841 3577 960 3662; x_wconf 83' lang='lat' dir='ltr'><strong>quibus</strong></span> <span class='ocrx_word' id='word_1_197' title='bbox 970 3576 1226 3655; x_wconf 83' lang='lat' dir='ltr'><strong>denominantur,</strong></span> <span class='ocrx_word' id='word_1_198' title='bbox 1233 3587 1346 3641; x_wconf 89' lang='lat' dir='ltr'><strong>notant</strong></span> 
     </span>
     <span class='ocr_line' id='line_1_29' title="bbox 395 3677 1346 3766; baseline -0.007 -21"><span class='ocrx_word' id='word_1_199' title='bbox 395 3706 414 3745; x_wconf 89' lang='lat' dir='ltr'><strong>a</strong></span> <span class='ocrx_word' id='word_1_200' title='bbox 436 3680 554 3766; x_wconf 85' lang='lat' dir='ltr'><strong>quibus</strong></span> <span class='ocrx_word' id='word_1_201' title='bbox 576 3684 699 3763; x_wconf 67' lang='lat' dir='ltr'><strong>qualia.</strong></span> <span class='ocrx_word' id='word_1_202' title='bbox 744 3678 828 3741; x_wconf 87' lang='lat' dir='ltr'><strong>Nam</strong></span> <span class='ocrx_word' id='word_1_203' title='bbox 850 3677 1009 3741; x_wconf 81' lang='lat' dir='ltr'><strong>fortitudo</strong></span> <span class='ocrx_word' id='word_1_204' title='bbox 1031 3677 1197 3762; x_wconf 82' lang='lat' dir='ltr'><strong>significat,</strong></span> <span class='ocrx_word' id='word_1_205' title='bbox 1217 3699 1257 3741; x_wconf 85' lang='lat' dir='ltr'><strong>ex</strong></span> <span class='ocrx_word' id='word_1_206' title='bbox 1280 3698 1346 3760; x_wconf 91' lang='lat' dir='ltr'><strong>quo</strong></span> 
     </span>
     <span class='ocr_line' id='line_1_30' title="bbox 395 3776 1344 3867; baseline -0.006 -21"><span class='ocrx_word' id='word_1_207' title='bbox 395 3782 466 3867; x_wconf 90' lang='lat' dir='ltr'><strong>quis</strong></span> <span class='ocrx_word' id='word_1_208' title='bbox 480 3780 593 3853; x_wconf 80' lang='lat' dir='ltr'><strong>sortia;</strong></span> <span class='ocrx_word' id='word_1_209' title='bbox 624 3778 718 3845; x_wconf 81' lang='lat' dir='ltr'><strong>fortia</strong></span> <span class='ocrx_word' id='word_1_210' title='bbox 732 3791 850 3855; x_wconf 88' lang='lat' dir='ltr'><strong>autem,</strong></span> <span class='ocrx_word' id='word_1_211' title='bbox 867 3776 971 3862; x_wconf 87' lang='lat' dir='ltr'><strong>qualis</strong></span> <span class='ocrx_word' id='word_1_212' title='bbox 991 3778 1064 3862; x_wconf 85' lang='lat' dir='ltr'><strong>quia</strong></span> <span class='ocrx_word' id='word_1_213' title='bbox 1078 3800 1120 3842; x_wconf 85' lang='lat' dir='ltr'><strong>ex</strong></span> <span class='ocrx_word' id='word_1_214' title='bbox 1135 3776 1344 3841; x_wconf 86' lang='lat' dir='ltr'><strong>fortitudine:</strong></span> 
     </span>
     <span class='ocr_line' id='line_1_31' title="bbox 396 3877 1346 3959; baseline -0.004 -12"><span class='ocrx_word' id='word_1_215' title='bbox 396 3883 481 3947; x_wconf 87' lang='lat' dir='ltr'><strong>unde</strong></span> <span class='ocrx_word' id='word_1_216' title='bbox 496 3894 528 3947; x_wconf 87' lang='lat' dir='ltr'><strong>et</strong></span> <span class='ocrx_word' id='word_1_217' title='bbox 547 3877 746 3946; x_wconf 79' lang='lat' dir='ltr'><strong>fortitudinis</strong></span> <span class='ocrx_word' id='word_1_218' title='bbox 760 3879 881 3943; x_wconf 87' lang='lat' dir='ltr'><strong>dicitur</strong></span> <span class='ocrx_word' id='word_1_219' title='bbox 900 3899 1024 3957; x_wconf 90' lang='lat' dir='ltr'><strong>nomen,</strong></span> <span class='ocrx_word' id='word_1_220' title='bbox 1038 3899 1102 3941; x_wconf 90' lang='lat' dir='ltr'><strong>non</strong></span> <span class='ocrx_word' id='word_1_221' title='bbox 1119 3886 1158 3942; x_wconf 84' lang='lat' dir='ltr'><strong>ut</strong></span> <span class='ocrx_word' id='word_1_222' title='bbox 1171 3880 1276 3959; x_wconf 71' lang='lat' dir='ltr'><strong>quua,</strong></span> <span class='ocrx_word' id='word_1_223' title='bbox 1290 3878 1346 3943; x_wconf 83' lang='lat' dir='ltr'><strong>aed</strong></span> 
     </span>
     <span class='ocr_line' id='line_1_32' title="bbox 395 3977 1345 4066; baseline -0.004 -18"><span class='ocrx_word' id='word_1_224' title='bbox 395 3996 433 4047; x_wconf 90' lang='lat' dir='ltr'><strong>ut</strong></span> <span class='ocrx_word' id='word_1_225' title='bbox 458 4004 497 4047; x_wconf 85' lang='lat' dir='ltr'><strong>au</strong></span> <span class='ocrx_word' id='word_1_226' title='bbox 521 4004 602 4066; x_wconf 78' lang='lat' dir='ltr'><strong>quo:</strong></span> <span class='ocrx_word' id='word_1_227' title='bbox 634 3980 753 4044; x_wconf 88' lang='lat' dir='ltr'><strong>indicat</strong></span> <span class='ocrx_word' id='word_1_228' title='bbox 780 3978 862 4043; x_wconf 88' lang='lat' dir='ltr'><strong>enim</strong></span> <span class='ocrx_word' id='word_1_229' title='bbox 890 4000 1028 4042; x_wconf 85' lang='lat' dir='ltr'><strong>causam.</strong></span> <span class='ocrx_word' id='word_1_230' title='bbox 1073 3978 1160 4043; x_wconf 89' lang='lat' dir='ltr'><strong>Hinc</strong></span> <span class='ocrx_word' id='word_1_231' title='bbox 1185 3992 1234 4044; x_wconf 85' lang='lat' dir='ltr'><strong>cat</strong></span> <span class='ocrx_word' id='word_1_232' title='bbox 1263 3977 1345 4044; x_wconf 88' lang='lat' dir='ltr'><strong>illud</strong></span> 
     </span>
     <span class='ocr_line' id='line_1_33' title="bbox 396 4078 1346 4167; baseline -0.006 -21"><span class='ocrx_word' id='word_1_233' title='bbox 396 4082 553 4167; x_wconf 87' lang='lat' dir='ltr'><strong>Gregorii,</strong></span> <span class='ocrx_word' id='word_1_234' title='bbox 571 4082 718 4165; x_wconf 74' lang='lat' dir='ltr'><strong>Anpelua</strong></span> <span class='ocrx_word' id='word_1_235' title='bbox 736 4100 850 4143; x_wconf 78' lang='lat' dir='ltr'><strong>nomen</strong></span> <span class='ocrx_word' id='word_1_236' title='bbox 865 4081 960 4166; x_wconf 75' lang='lat' dir='ltr'><strong>officii</strong></span> <span class='ocrx_word' id='word_1_237' title='bbox 973 4086 1030 4153; x_wconf 84' lang='lat' dir='ltr'><strong>eat,</strong></span> <span class='ocrx_word' id='word_1_238' title='bbox 1047 4098 1112 4141; x_wconf 83' lang='lat' dir='ltr'><strong>non</strong></span> <span class='ocrx_word' id='word_1_239' title='bbox 1127 4086 1276 4142; x_wconf 70' lang='lat' dir='ltr'><strong>natura.-</strong></span> <span class='ocrx_word' id='word_1_240' title='bbox 1306 4078 1346 4140; x_wconf 85' lang='lat' dir='ltr'><strong>ri-</strong></span> 
     </span>
     <span class='ocr_line' id='line_1_34' title="bbox 396 4177 1344 4268; baseline -0.005 -22"><span class='ocrx_word' id='word_1_241' title='bbox 396 4182 524 4268; x_wconf 90' lang='lat' dir='ltr'><strong>quidem</strong></span> <span class='ocrx_word' id='word_1_242' title='bbox 548 4205 586 4245; x_wconf 90' lang='lat' dir='ltr'><strong>cx</strong></span> <span class='ocrx_word' id='word_1_243' title='bbox 609 4180 712 4245; x_wconf 91' lang='lat' dir='ltr'><strong>officio</strong></span> <span class='ocrx_word' id='word_1_244' title='bbox 734 4191 792 4258; x_wconf 86' lang='lat' dir='ltr'><strong>eat,</strong></span> <span class='ocrx_word' id='word_1_245' title='bbox 808 4177 862 4242; x_wconf 87' lang='lat' dir='ltr'><strong>aed</strong></span> <span class='ocrx_word' id='word_1_246' title='bbox 887 4199 1040 4264; x_wconf 78' lang='lat' dir='ltr'><strong>peracute,</strong></span> <span class='ocrx_word' id='word_1_247' title='bbox 1056 4177 1290 4263; x_wconf 81' lang='lat' dir='ltr'><strong>significatque,</strong></span> <span class='ocrx_word' id='word_1_248' title='bbox 1306 4188 1344 4241; x_wconf 93' lang='lat' dir='ltr'><strong>ut</strong></span> 
     </span>
     <span class='ocr_line' id='line_1_35' title="bbox 395 4272 1343 4368; baseline -0.008 -22"><span class='ocrx_word' id='word_1_249' title='bbox 395 4282 515 4349; x_wconf 91' lang='lat' dir='ltr'><strong>dictum</strong></span> <span class='ocrx_word' id='word_1_250' title='bbox 542 4295 600 4358; x_wconf 83' lang='lat' dir='ltr'><strong>cat,</strong></span> <span class='ocrx_word' id='word_1_251' title='bbox 623 4278 861 4368; x_wconf 90' lang='lat' dir='ltr'><strong>quodammodo</strong></span> <span class='ocrx_word' id='word_1_252' title='bbox 885 4276 981 4364; x_wconf 86' lang='lat' dir='ltr'><strong>quale</strong></span> <span class='ocrx_word' id='word_1_253' title='bbox 1005 4277 1085 4364; x_wconf 76' lang='lat' dir='ltr'><strong>qrtid</strong></span> <span class='ocrx_word' id='word_1_254' title='bbox 1109 4275 1163 4338; x_wconf 88' lang='lat' dir='ltr'><strong>ilio</strong></span> <span class='ocrx_word' id='word_1_255' title='bbox 1188 4272 1343 4338; x_wconf 78' lang='lat' dir='ltr'><strong>ministret</strong></span> 
     </span>
     <span class='ocr_line' id='line_1_36' title="bbox 394 4372 1345 4458; baseline -0.009 -13"><span class='ocrx_word' id='word_1_256' title='bbox 394 4382 506 4447; x_wconf 84' lang='lat' dir='ltr'><strong>officio.</strong></span> <span class='ocrx_word' id='word_1_257' title='bbox 555 4382 653 4447; x_wconf 88' lang='lat' dir='ltr'><strong>Plura</strong></span> <span class='ocrx_word' id='word_1_258' title='bbox 669 4392 742 4445; x_wconf 85' lang='lat' dir='ltr'><strong>sunt</strong></span> <span class='ocrx_word' id='word_1_259' title='bbox 758 4377 798 4443; x_wconf 90' lang='lat' dir='ltr'><strong>ad</strong></span> <span class='ocrx_word' id='word_1_260' title='bbox 820 4379 904 4443; x_wconf 89' lang='lat' dir='ltr'><strong>hunc</strong></span> <span class='ocrx_word' id='word_1_261' title='bbox 920 4376 1065 4451; x_wconf 83' lang='lat' dir='ltr'><strong>modurn,</strong></span> <span class='ocrx_word' id='word_1_262' title='bbox 1081 4387 1118 4438; x_wconf 90' lang='lat' dir='ltr'><strong>ut</strong></span> <span class='ocrx_word' id='word_1_263' title='bbox 1139 4376 1261 4452; x_wconf 77' lang='lat' dir='ltr'><strong>mmai,</strong></span> <span class='ocrx_word' id='word_1_264' title='bbox 1276 4372 1345 4458; x_wconf 80' lang='lat' dir='ltr'><strong>dig·</strong></span> 
     </span>
    </p>
   </div>
   <div class='ocr_carea' id='block_1_5' title="bbox 0 0 1818 5317">
    <p class='ocr_par' dir='ltr' id='par_1_5' title="bbox 0 0 1818 5317">
     <span class='ocr_line' id='line_1_37' title="bbox 0 0 1818 5317; baseline 0 1"><span class='ocrx_word' id='word_1_265' title='bbox 0 0 1818 5317; x_wconf 95' lang='lat' dir='ltr'><strong> </strong></span> 
     </span>
    </p>
   </div>
  </div>
 </body>
</html>
