3625 5317
712 779 787 823 vrrs
803 779 919 824 ssuorr
934 780 1090 825 ausurum.
1309 768 1373 826 849

420 938 441 970 “
458 939 525 994 toto
544 929 712 1004 dimiseris,
730 929 871 992 concedo
890 939 928 993 ut
945 928 1047 993 officio
1068 926 1267 1010 sacerdotali,
1285 928 1373 1014 quod

420 1030 520 1114 “jam
539 1028 714 1114 suscepisti,
729 1029 854 1094 utaris.”
900 1029 1082 1094 Verebatur
1100 1029 1200 1111 enim,
1219 1029 1301 1094 sicut
1324 1028 1372 1093 in·

419 1142 595 1216 terrogetus
607 1131 744 1208 dicebat,
755 1154 909 1218 apparere
924 1132 956 1196 in
973 1142 1145 1218 conspectu
1155 1132 1274 1218 judicis
1289 1133 1372 1208 Dei3

419 1232 479 1298 nisi
506 1245 582 1297 ante
611 1233 754 1318 punisset
783 1243 905 1298 tantam
937 1232 1188 1298 inobedientiam
1218 1233 1250 1296 in
1276 1232 1374 1319 juris-

419 1333 559 1398 dictione
588 1333 649 1398 sibi
679 1333 848 1398 commissa
877 1355 935 1398 suo
968 1343 1114 1420 tempore
1143 1345 1372 1419 emergentem.

422 1433 519 1498 Unde
545 1433 630 1498 idem
660 1433 814 1514 Thomas,
841 1432 1030 1498 auctoritate
1054 1434 1112 1496 viri
1139 1445 1174 1498 et
1198 1435 1373 1500 acerbitate

419 1535 587 1600 sententiae
609 1535 748 1616 territus,
763 1536 796 1600 in
817 1557 851 1600 se
871 1535 986 1613 rediit;
1018 1547 1052 1602 et
1074 1537 1284 1622 presentibus
1303 1538 1373 1606 viee

420 1636 564 1724 primatis
586 1637 769 1704 Cantuariae
790 1636 935 1702 ecclesiae
958 1637 1164 1723 suffraganeis
1182 1639 1280 1704 etiam
1303 1651 1374 1726 post

420 1741 543 1806 obitum
561 1741 706 1807 Anselmi
722 1740 878 1828 professus
894 1752 951 1807 est.

424 2085 503 2171 Cap.
522 2092 570 2152 16.
596 2085 751 2150 Anselmus
774 2089 881 2171 incipit
899 2087 1027 2150 libellum
1048 2087 1084 2148 de
1108 2085 1234 2171 Oriyirre
1256 2089 1374 2168 unimur,

463 2199 491 2251 et
509 2209 565 2250 non
583 2191 714 2272 perficit,
735 2192 806 2274 quie
827 2199 918 2251 morte
934 2198 1104 2273 prevenere
1126 2199 1176 2253 est.
1220 2191 1273 2253 De
1294 2191 1374 2253 otim

465 2291 599 2354 Anselmi
621 2292 680 2354 XI
703 2293 832 2356 calendie
858 2291 955 2372 Mati,
976 2293 1061 2354 etde
1082 2313 1160 2354 anno
1182 2294 1376 2376 ponteficum

464 2397 521 2458 sui.
555 2395 606 2456 Dr
619 2395 749 2458 balsamo
763 2395 970 2480 multiplicato,
981 2404 1010 2456 et
1022 2395 1058 2457 dc
1071 2395 1225 2458 miraculis
1238 2396 1373 2480 ejusdem.

467 2557 603 2620 Tunrro
619 2554 717 2640 igitur
730 2577 814 2620 anno
833 2564 1001 2641 postquam
1018 2576 1037 2617 a
1051 2555 1193 2620 secundo
1207 2555 1302 2620 exilio
1315 2579 1375 2642 per

423 2679 530 2742 regern
550 2659 728 2722 Henricum
745 2667 910 2720 revocatus
925 2668 984 2728 est,
995 2655 1078 2718 adeo
1093 2657 1190 2740 coepit
1203 2656 1374 2735 debilitari,

423 2770 460 2822 ut
495 2759 525 2822 ei
554 2758 644 2820 cibus
677 2756 780 2818 omnis
809 2755 842 2817 in
873 2753 1036 2816 fastidium
1066 2765 1251 2820 verteretur.
1297 2757 1373 2824 Vim

422 2871 530 2922 tamen
561 2856 700 2921 faciebat
729 2865 853 2918 naturae
875 2852 909 2917 in
936 2854 1140 2939 perceptione
1169 2878 1302 2940 eorum3
1335 2882 1375 2924 eo

422 2961 507 3048 quod
524 2958 625 3045 ipsam
640 2969 772 3022 noverat
782 2955 851 3021 sine
863 2955 1024 3021 alimentis
1039 2968 1183 3022 constare
1198 2980 1262 3024 oon
1273 2983 1375 3047 posse.

424 3064 508 3129 Caro
523 3062 653 3150 quidem
669 3060 891 3125 infirmabatur
905 3057 1007 3142 magis
1021 3071 1055 3123 ot
1069 3058 1187 3144 magis3
1206 3062 1263 3126 sed
1277 3085 1376 3147 gene-

422 3187 510 3230 rosus
525 3165 578 3229 ille
594 3163 721 3249 spiritus
732 3172 766 3227 et
777 3161 840 3226 Dei
856 3182 965 3226 amore
979 3161 1096 3226 nobilis
1111 3162 1254 3228 ecclesiae
1265 3165 1376 3252 dedig-

422 3268 560 3332 nabatur
578 3263 767 3333 infirmitati.
814 3263 864 3328 Ex
884 3285 924 3329 ea
942 3263 1028 3326 enim
1046 3263 1155 3330 sortior
1168 3277 1203 3330 ot
1217 3267 1376 3354 potentior

423 3367 601 3434 videbatur.
647 3367 762 3454 Neque
783 3365 869 3429 enim
886 3365 1182 3433 ameditationibus
1196 3369 1375 3457 divinisque

422 3467 590 3556 colloquiis
618 3478 651 3532 et
679 3467 875 3533 orationibus
904 3478 1029 3552 poterat
1051 3467 1217 3552 impediri;
1254 3470 1312 3534 sed
1340 3472 1373 3536 in

423 3569 583 3636 consuetis
597 3581 631 3636 et
647 3570 720 3635 Deo
734 3569 857 3656 placitis
871 3568 1031 3632 exercitiis
1046 3568 1169 3653 jugiter
1181 3569 1375 3638 versabatur.

426 3671 665 3738 Consecratiooi
692 3668 855 3736 Dominioi
880 3665 1019 3752 corporis
1046 3667 1190 3754 quotidie
1213 3668 1376 3754 intererat,

424 3774 501 3838 illuc
516 3785 572 3838 aut
587 3773 670 3858 pede
692 3773 761 3838 iens
776 3783 832 3837 aut
846 3768 926 3836 sella
940 3767 1074 3832 delatus.
1120 3768 1183 3834 Vix
1197 3771 1310 3858 quinto
1324 3774 1376 3840 die

424 3885 498 3940 anta
513 3873 637 3936 obitnrn
652 3873 757 3958 potuit
775 3871 851 3936 inde
872 3869 984 3936 arceri.
1029 3868 1184 3937 Illuxerat
1206 3873 1377 3940 Dominica

423 3976 492 4042 dies
508 3973 705 4049 Palmarum,
721 3986 754 4038 et
774 3995 857 4039 anus
879 3994 991 4038 eorum
1007 3972 1063 4060 qui
1085 3973 1219 4039 aderant
1240 3974 1284 4040 sic
1299 3998 1375 4042 eum

424 4077 614 4166 alloquitur:
638 4081 658 4115 “
677 4079 783 4155 Pater,
799 4074 970 4140 verisimile
992 4088 1042 4142 est
1063 4097 1103 4140 ex
1122 4075 1172 4140 his
1192 4098 1267 4162 quae
1290 4077 1377 4143 ride·

425 4203 507 4254 mus,
535 4190 567 4245 te
592 4179 634 4244 ad
659 4176 845 4244 Paschalem
872 4176 1004 4242 Domini
1028 4178 1085 4254 tui,
1108 4177 1218 4242 relicto
1243 4179 1376 4262 mundo,

424 4281 557 4346 transire
572 4279 823 4345 solennitatem.”
854 4277 898 4342 Et
912 4277 980 4353 ilie;
1005 4277 1128 4342 “Sicut
1143 4277 1257 4344 luerit”
1271 4279 1376 4367 inquit

416 4391 447 4476 .“
463 4380 618 4459 uoluntas,
633 4380 678 4446 sio
701 4380 772 4459 fiat;
796 4393 830 4444 et
852 4377 1087 4464 beneplacitum
1106 4379 1237 4444 Domini
1259 4380 1301 4445 de
1323 4403 1375 4446 me
