3625 5317
418 750 481 813 000
681 759 1113 809 suasurasanaasssrnnara

418 915 515 980 Curio
528 934 671 995 nugaces
686 914 773 977 solos
788 922 882 991 amat,
898 912 1000 988 audit,
1014 912 1160 989 honorat,

503 1017 596 1079 Artes
611 1035 727 1079 exosas
743 1014 866 1077 aulicus
880 1013 987 1075 omnia
1001 1012 1111 1091 habet,

417 1119 510 1181 Artes
526 1114 633 1178 virtuti
646 1114 836 1177 famulantes
852 1112 977 1177 aulicus
990 1112 1070 1189 odit,

504 1212 568 1279 Sed
583 1214 722 1281 famulas
737 1214 842 1279 earnis
856 1214 981 1279 aulicus
994 1215 1101 1278 omnia
1115 1226 1211 1279 amat.
1292 1223 1373 1282 1470

415 1320 488 1382 Hos
502 1319 584 1382 aulae
599 1337 704 1381 mores
718 1316 925 1379 funambulus
938 1316 1050 1379 intulit
1064 1316 1129 1395 ille,

501 1419 578 1495 Qui,
593 1417 683 1501 quod
695 1414 874 1500 presumit,
889 1417 961 1498 lege
975 1427 1082 1480 uretur
1096 1418 1159 1481 avi.

415 1519 478 1593 Qui
494 1519 623 1601 sapiunt
636 1536 740 1601 nugas
755 1527 787 1581 et
801 1516 949 1592 crimina,
962 1517 1035 1597 lege
1050 1528 1217 1595 vocantur,

503 1619 568 1693 Qui
581 1628 666 1681 reete
680 1616 821 1698 sapiunt,
833 1617 890 1679 lex
899 1614 995 1699 jubet
1008 1616 1054 1679 ire
1068 1617 1163 1681 seraa

457 1721 553 1790 Quod
565 1720 601 1783 in
617 1716 866 1782 correctionibus
879 1717 1104 1781 innnuotione
1118 1721 1288 1784 Mum.

415 1824 505 1904 Ergo
520 1842 601 1907 qnos
615 1821 693 1883 ratio
709 1819 830 1883 directa
844 1820 957 1901 nequit
970 1838 1119 1883 teroeare
1288 1825 1369 1885 1470

503 1924 530 1987 Α
545 1919 639 1999 vitiis,
653 1932 781 1985 revocat
794 1920 986 1985 insinuantis
999 1941 1091 2002 opus,

416 2027 502 2090 Nam
517 2025 600 2089 sieut
617 2023 719 2101 verbi,
734 2022 781 2087 sic
797 2021 973 2085 insinuatio
986 2022 1061 2085 vitae

501 2126 595 2209 Soepe
610 2127 804 2189 reluctantes
817 2121 859 2187 ad
874 2142 933 2185 sua
947 2134 1021 2184 vota
1034 2123 1140 2187 trahit

415 2227 538 2291 Fortior
552 2236 601 2289 est
614 2226 700 2300 vitae,
713 2245 812 2307 quarn
826 2224 868 2287 sit
882 2222 1048 2306 persuasio
1063 2224 1162 2299 verbi,

501 2326 585 2389 Nam
601 2322 730 2407 paribus
746 2323 861 2387 studiis
876 2323 1069 2387 conciliatur
1083 2344 1190 2401 aaron
1285 2326 1369 2386 1400

415 2424 615 2489 Conciliatus
630 2444 720 2487 amor
733 2424 857 2487 animos
872 2424 964 2502 ligat,
978 2423 1123 2507 imperat,
1137 2437 1239 2506 urget,

501 2526 549 2589 Ut
563 2524 627 2587 duo
642 2543 708 2587 non
723 2523 788 2587 duo
802 2523 877 2601 sint,
893 2544 975 2607 quoa
988 2525 1063 2608 pius
1077 2526 1149 2589 unit
1162 2546 1259 2589 amor.

415 2624 469 2692 Sic
485 2648 575 2691 arnor
589 2624 631 2689 ad
645 2625 767 2711 qnaevis
782 2634 913 2689 sanctus
927 2628 1012 2689 bona
1027 2626 1113 2707 cogit
1127 2637 1282 2703 amantea,

500 2730 584 2793 Nam
600 2728 677 2792 sacit
691 2728 744 2791 hie
760 2727 851 2803 votis,
866 2723 953 2809 quod
966 2725 1046 2791 facit
1058 2728 1113 2790 ille
1128 2748 1234 2791 manu.

413 2830 479 2895 Sed
493 2848 611 2907 vereor,
626 2828 725 2891 frusta
738 2847 779 2889 ne
794 2826 1007 2889 cancellarius
1020 2826 1129 2905 instet,
1282 2829 1363 2889 1485

499 2933 547 2995 Ut
559 2940 660 2993 mutet
673 2948 778 2991 mores
793 2930 866 2991 auls
880 2927 1019 3009 superba
1033 2948 1119 2992 auos.

411 3030 556 3096 Mundus
570 3032 656 3094 enirn
670 3029 769 3094 lucris
782 3030 895 3105 inhiat,
905 3028 1107 3113 juvenesque
1121 3050 1279 3113 seneque

497 3130 642 3194 Muneris
656 3130 794 3195 incestat
807 3130 979 3213 imperiosa
992 3128 1104 3208 fames,

410 3234 631 3311 Excaecetque
647 3230 740 3303 viros,
756 3230 874 3312 quibus
889 3240 939 3293 est
952 3229 1071 3293 collata
1083 3241 1238 3313 potestas,

497 3326 626 3392 Tendat
636 3336 672 3390 ut
682 3327 723 3391 ad
735 3328 846 3391 sordes
856 3328 1012 3411 quaelibet
1022 3332 1129 3415 ampla
1139 3330 1263 3395 demus.
1281 3334 1365 3394 1400

410 3436 520 3498 AEstus
535 3429 675 3493 avaritia
690 3428 871 3511 sapientum
886 3430 984 3495 cerda
997 3432 1127 3514 perurit,

495 3530 615 3596 Polluit
629 3530 794 3607 ecelesias,
809 3542 922 3595 sancta
935 3532 1068 3614 prolana
1080 3533 1168 3596 facit.

407 3635 504 3700 Orbis
519 3643 676 3697 amatores
690 3652 801 3697 omnes
815 3633 876 3697 hac
891 3642 983 3714 peste
997 3629 1153 3710 laborant,

494 3734 580 3797 AEria
594 3743 797 3815 contemptor
810 3754 901 3797 rarus
915 3733 950 3796 in
965 3735 1043 3799 orbe
1057 3746 1175 3798 manet

408 3837 492 3899 Haee
502 3836 569 3910 ubi,
575 3834 715 3917 quando,
724 3835 841 3918 quibus
849 3836 899 3897 rel
908 3835 1044 3918 qualiter
1050 3836 1262 3911 insinuentur,
1280 3836 1362 3896 1490

495 3938 591 4013 Cura,
606 3954 647 3999 ne
662 3956 774 4019 pereas
789 3937 971 4017 garrulitate
985 3948 1050 4001 tua.

409 4040 472 4103 Est
484 4038 617 4103 indocta
630 4037 729 4119 loqui,
745 4058 819 4121 quae
835 4038 940 4101 nescit
952 4038 1064 4119 lingua
1077 4049 1195 4114 tacere,

496 4136 659 4213 Roscida,
674 4158 744 4219 quae
759 4140 845 4201 verbi
860 4139 964 4202 nescit
977 4139 1097 4202 hebere
1112 4138 1255 4202 modurn.

410 4240 492 4305 Sunt
507 4250 678 4320 litigatores
692 4238 824 4310 inimici,
840 4250 977 4321 suntque
993 4239 1121 4320 tyranni

495 4340 607 4401 Falsus
623 4335 845 4419 philosophus,
861 4358 976 4417 ganeo,
992 4360 1101 4402 scurra
1115 4338 1185 4416 tibi,
1281 4338 1363 4398 1000
