3625 5317
461 735 504 793 ot
711 742 848 789 roarrms
863 738 1141 787 sanasasmsssrs
1280 718 1365 797 [nm.
1379 738 1418 782 11.

489 964 568 1048 Cap.
585 967 615 1025 2.
639 960 691 1025 De
705 966 788 1024 secto
803 960 1095 1042 peripateticorum,
1111 963 1142 1021 ct
1156 962 1230 1019 orta
1246 953 1391 1037 logtm,

801 1070 832 1124 et
848 1060 918 1139 ejus
933 1065 1072 1123 auctore.

507 1208 833 1272 Psamatltmconuu
853 1204 929 1269 hinc
947 1216 1018 1268 orta
1031 1216 1079 1268 est
1095 1217 1192 1283 secta,
1206 1228 1280 1291 qua·
1295 1204 1328 1269 in
1343 1228 1420 1291 cog·

462 1309 583 1373 nitione
612 1307 691 1383 reri,
721 1328 879 1371 summum
912 1306 1030 1371 bonum
1061 1308 1137 1370 vitm
1171 1305 1321 1371 humanae
1349 1329 1418 1370 ease

462 1409 641 1475 constituit.
693 1408 843 1473 Omnium
875 1430 953 1493 ergo
981 1429 1087 1471 rerum
1123 1421 1255 1472 naturas
1284 1407 1418 1472 scrutati

462 1523 550 1586 sunt,
571 1522 609 1575 ut
629 1508 755 1585 scirent,
776 1508 855 1595 quid
873 1507 905 1572 in
929 1506 1078 1571 omnibus
1097 1507 1194 1573 rebus
1216 1507 1418 1593 fugiendum,

461 1626 614 1701 tanquam
636 1610 766 1691 malum,
782 1612 862 1694 quid
882 1610 1161 1690 contemnendum,
1173 1624 1328 1697 tanquam
1352 1632 1416 1674 non

461 1716 593 1797 bonum,
615 1715 696 1803 quid
718 1714 904 1802 petendum,
924 1726 962 1779 ut
984 1712 1171 1799 simpliciter
1189 1713 1322 1787 bonum,
1337 1712 1418 1799 quid

462 1818 711 1904 praferendum,
737 1831 773 1881 ut
799 1816 900 1903 magis
932 1816 1062 1893 bonum,
1087 1814 1145 1901 qui
1171 1837 1214 1879 ex
1240 1837 1316 1879 casu
1343 1814 1419 1879 boni

464 1939 578 1983 nomen
606 1918 771 1994 sortiatur,
797 1930 854 1983 aut
879 1916 965 1981 mali.
1010 1919 1106 1980 Natoe
1134 1927 1210 1980 sunt
1239 1936 1317 2001 ergo
1345 1914 1421 1979 duas

465 2030 574 2103 partes
597 2016 825 2102 Philosophiae,
843 2016 1009 2091 naturalia,
1030 2029 1063 2081 et
1085 2015 1224 2094 moralia,
1243 2039 1329 2103 quas,
1349 2014 1421 2081 aliis

464 2116 657 2198 nominibus,
673 2115 809 2202 Physica
824 2129 855 2181 et
872 2118 989 2181 Ethica
1003 2117 1216 2204 appellantur.
1263 2116 1326 2181 Sed
1341 2117 1421 2203 quia

465 2240 522 2304 per
535 2216 727 2303 imperitiam
744 2215 933 2291 disserendi,
950 2215 1051 2281 multa
1065 2216 1317 2281 inconvenientia
1331 2216 1420 2280 colli-

464 2319 594 2405 gebant,
611 2318 706 2383 sicuti
722 2318 884 2405 Epicurus
898 2319 956 2405 qui
971 2342 1012 2383 ex
1026 2320 1153 2395 atomis,
1168 2333 1199 2384 et
1216 2319 1312 2399 inani,
1327 2340 1421 2384 mun·

464 2418 555 2495 dum,
585 2419 651 2483 sine
677 2432 807 2483 auctore
837 2422 923 2496 Deo,
951 2418 1136 2485 constituit:
1165 2434 1197 2486 et
1225 2419 1335 2490 Stoici,
1360 2420 1419 2507 qui

464 2518 629 2583 materiam
652 2522 722 2584 Deo
742 2518 904 2603 fingebant
928 2532 1138 2584 coaeternam:
1165 2534 1198 2586 et
1219 2521 1325 2586 omnia
1346 2544 1419 2608 pec·

465 2633 536 2685 cata
558 2620 711 2707 aequalia:
736 2643 861 2686 necesse
881 2620 945 2685 tuit
964 2621 1159 2708 investigari,
1175 2634 1207 2688 et
1222 2622 1421 2709 promulgari

465 2722 639 2807 scientiam,
660 2748 735 2811 quae
757 2723 977 2789 discretionem
998 2724 1115 2792 faceret
1137 2747 1248 2790 vocum
1272 2738 1304 2791 et
1326 2726 1421 2791 intel-

465 2824 619 2903 lectuum,
649 2840 681 2891 et
711 2826 907 2893 fallaciarum
939 2826 1113 2893 nubeculas
1141 2827 1320 2915 dissiparet.
1372 2829 1419 2893 Et

466 2926 518 2992 hic
542 2928 685 3016 quidem,
713 2932 794 2995 sicut
825 2928 983 2993 Boethius
1012 2928 1045 2992 in
1074 2940 1255 2993 commento
1281 2928 1421 2993 secundo

466 3050 564 3117 super
591 3030 808 3118 Porphyrium
835 3034 960 3112 asserit,
984 3044 1032 3095 est
1057 3045 1149 3096 ortus
1172 3031 1301 3116 Logicae
1326 3030 1420 3095 disci·

467 3131 574 3218 plinoe.
619 3133 772 3217 Oportuit
793 3132 877 3195 enim
899 3153 965 3195 esse
987 3131 1162 3209 scientiam,
1182 3156 1258 3218 quoe
1272 3155 1381 3198 verum
1402 3154 1423 3196 a

466 3232 548 3297 salso
568 3229 776 3307 discerneret,
799 3244 831 3295 et
849 3230 975 3295 doceret
998 3254 1072 3317 qum
1094 3232 1294 3298 ratiocinatio
1313 3257 1422 3299 reram

422 3400 423 3405 ,
467 3346 575 3399 teneat
595 3332 739 3397 semitam
759 3332 957 3418 disputandi,
973 3356 1048 3419 quae
1069 3332 1283 3415 verisimilem,
1298 3351 1331 3404 et
1346 3360 1421 3425 quae

466 3436 542 3502 ficta
572 3435 624 3514 sit,
655 3447 688 3499 et
718 3458 792 3520 quae
823 3434 939 3499 debeat
973 3458 1040 3500 esse
1070 3449 1237 3522 suspecta:
1276 3439 1421 3529 alioquin

468 3539 597 3620 veritas,
607 3560 664 3625 per
676 3535 892 3601 ratiocinantis
907 3559 1048 3625 operam,
1058 3563 1121 3606 non
1137 3554 1264 3630 poterat
1278 3544 1421 3611 inveniri.

465 3642 512 3707 Et
528 3640 602 3706 licet
618 3637 823 3703 Parmenides
839 3638 1018 3727 AEgyptius
1039 3642 1071 3706 in
1095 3664 1175 3728 rape
1190 3642 1290 3708 vitam
1305 3644 1421 3730 egerit,

469 3754 507 3807 ut
536 3742 674 3806 rationes
700 3738 834 3826 Logices
860 3738 1028 3820 inveniret,
1053 3754 1103 3808 tot
1129 3755 1162 3808 et
1187 3755 1294 3809 tantos
1320 3745 1420 3809 studii

466 3842 581 3907 habuit
602 3862 807 3923 successores,
822 3855 859 3906 ut
879 3840 909 3905 ei
929 3841 1120 3909 inventionis
1142 3868 1221 3922 suoe,
1237 3857 1337 3909 totam
1353 3846 1420 3910 fere

466 3946 692 4033 praeripuerint
712 3944 858 4031 gloriam.
904 3944 1057 4011 Tradunt
1076 3969 1153 4031 ergo
1168 3946 1335 4032 Apuleius,
1351 3950 1422 4012 Au-

466 4046 952 4133 gustinus,ct1sidorus,quod
975 4047 1068 4113 Plato
1090 4048 1330 4135 Philosophiam
1350 4072 1423 4137 per-

466 4150 578 4215 fecisse
614 4148 777 4225 laudatur,
816 4148 972 4233 Physicae,
1011 4172 1107 4235 quam
1146 4151 1355 4237 Pythagoras,
1388 4165 1421 4217 et

468 4252 606 4331 Ethicae,
635 4273 732 4337 quam
764 4254 921 4316 Isocrates
956 4254 1050 4338 plene
1077 4250 1241 4331 docuerat,
1270 4253 1422 4339 adjiciens

468 4355 631 4439 Logicam,
647 4372 817 4441 perquam
839 4352 989 4418 discussis
1004 4376 1109 4419 rerum
1126 4376 1315 4441 morumque
1329 4378 1419 4421 caus·
