3625 5317
688 827 691 835 ’
802 832 1027 880 Eumenous.

525 986 613 1049 Illud
629 987 661 1048 iu
678 987 815 1049 ecclesia
830 987 858 1047 si
874 987 946 1068 quis
963 986 1078 1047 habere
1094 986 1181 1048 velit.

439 1086 558 1149 Dicitis
573 1088 719 1149 ecclesisc
736 1087 865 1149 libertas
881 1088 968 1147 nulla
983 1093 1155 1157 carentem,

526 1187 629 1249 Hoste
645 1187 761 1269 premit
777 1188 902 1267 gravius
918 1186 1000 1266 regis
1015 1186 1126 1269 inique
1140 1206 1265 1249 monus.
1307 1188 1390 1247 1870
1485 1218 1492 1227 ·

439 1286 575 1348 Publica
590 1288 634 1349 sic
651 1289 742 1350 saevit
757 1288 869 1350 tutoris
884 1287 1004 1348 honore
1019 1296 1172 1369 potestus,

527 1388 572 1451 Ut
588 1390 690 1472 quiris
706 1388 815 1471 praedo
832 1388 938 1449 mitior
952 1397 1058 1449 exstet
1072 1408 1121 1449 ea.

440 1488 477 1549 lu
494 1490 581 1551 bona
596 1490 711 1572 pupilli
728 1500 813 1552 tutor
829 1495 990 1569 grassatur
1004 1488 1145 1571 iniquus,

526 1590 597 1652 Nec
615 1596 717 1652 tutore
734 1588 808 1652 dato
824 1589 959 1671 nequior
973 1588 1075 1651 hostis
1090 1590 1159 1652 erit.

443 1684 553 1751 Fectio
569 1688 773 1770 Mendrogori
789 1690 911 1752 licitum
927 1689 1117 1772 libitumque
1132 1699 1289 1772 coaequst,
1309 1694 1391 1752 18⁷5

527 1788 664 1869 Quoque
680 1790 777 1850 semel
793 1789 925 1871 placuit,
940 1789 1097 1871 predicat
1112 1810 1182 1851 esso
1196 1792 1328 1852 bonum.

441 1886 515 1948 Hoc
533 1898 662 1949 auctore
678 1887 762 1969 perit
777 1888 910 1951 libertas
923 1889 1143 1967 ecclesiarum,

528 1988 753 2070 Antipatriquo
770 2008 884 2050 munus
899 2010 986 2052 erma
1000 1989 1140 2053 nefando
1154 1990 1246 2073 rupit.

599 2086 651 2148 De
665 2086 852 2169 Antipatro,
869 2096 900 2151 et
914 2110 1015 2170 quare
1028 2092 1074 2152 sic
1087 2090 1230 2152 dicotur.

441 2187 647 2268 Presbyteros
661 2200 811 2271 tanquam
827 2204 935 2271 patres
950 2190 1091 2271 populus
1106 2199 1284 2266 veneretur,

526 2285 572 2347 Et
588 2285 663 2348 fidei
678 2306 751 2369 pars
766 2298 816 2349 est
824 2287 918 2371 jussa
932 2288 1039 2350 subire
1056 2288 1165 2370 petris,
1309 2290 1391 2350 1880

441 2385 462 2446 J
464 2405 537 2447 usse
552 2386 657 2449 subire
672 2386 783 2469 patris,
797 2388 972 2470 presertim
985 2399 1073 2451 recta
1081 2387 1240 2471 jubentis,

528 2486 590 2549 Pro
606 2488 721 2570 quibus
737 2488 877 2569 expletis
892 2489 957 2551 vito
970 2490 1066 2552 beatu
1082 2488 1184 2552 detur.

442 2588 485 2649 At
499 2586 584 2650 ferus
599 2590 767 2672 Antipater
782 2590 841 2652 hos
856 2591 1060 2673 persequitur
1074 2592 1161 2653 velut
1174 2589 1284 2653 hostes

528 2689 761 2771 Intentansque
777 2687 870 2753 dolos
885 2683 1029 2770 undique
1046 2690 1130 2750 belle
1143 2699 1262 2767 moret,
1279 2681 1282 2686 ⁴

444 2788 532 2851 Hinc
548 2789 595 2851 illi
609 2808 728 2851 nomen
744 2786 837 2849 detur
853 2788 1030 2869 Antipater,
1044 2788 1119 2869 quis
1133 2798 1239 2870 patres
1309 2794 1390 2851 1880

528 2887 633 2951 Ludit
647 2899 680 2949 et
694 2886 810 2967 infligit
825 2885 944 2948 demna
957 2906 1137 2968 necemque
1152 2899 1251 2967 peret.

443 2984 583 3051 Sedulus
598 2988 630 3048 in
647 3006 777 3049 saccum
794 2995 958 3067 pertusum
971 2986 1116 3066 congerit
1130 3006 1241 3049 ornnes

529 3086 658 3151 Christo
674 3088 863 3163 subtractos,
879 3107 959 3169 quus
975 3086 1056 3149 mele
1071 3086 1193 3169 querit,
1208 3107 1305 3170 opes;

442 3186 625 3251 Ecclesiam
642 3188 759 3250 servire
768 3186 874 3269 jubet,
891 3186 1012 3250 clerum
1026 3189 1247 3271 populumque

530 3288 684 3351 Decemit
701 3286 839 3350 similem
848 3288 923 3371 jure
939 3298 1046 3351 tenere
1061 3288 1179 3351 locum.
1311 3294 1391 3354 1800

442 3388 641 3472 Opprimitur
653 3390 770 3465 clerus,
784 3390 926 3470 privetur
940 3389 1061 3453 honore
1076 3390 1237 3468 sacerdos,

528 3476 598 3553 sed'
609 3488 761 3553 delatoris
775 3508 893 3553 nomen
909 3490 1030 3572 ubique
1045 3490 1139 3570 riget.

444 3588 596 3651 Publicus
611 3600 744 3652 exactor
758 3610 883 3651 summo
899 3589 1055 3672 precellit
1068 3588 1202 3667 honore,

528 3689 657 3753 Grotior
670 3692 726 3753 ille
741 3700 860 3767 tameo,
876 3690 931 3772 qui
946 3690 1032 3751 mels
1046 3690 1140 3769 pluro
1153 3690 1239 3753 lecit.

445 3790 489 3851 Hi
505 3790 533 3851 si
546 3791 626 3853 forte
641 3791 753 3853 volunt
767 3790 889 3875 aliquid
904 3798 1094 3872 pervertere,
1110 3787 1241 3855 dicunt:
1311 3795 1392 3854 1395

529 3891 681 3953 Dedecus
695 3891 770 3955 hinc
786 3894 876 3973 regni
894 3892 1035 3969 vertitur,
1049 3891 1127 3954 inde
1142 3892 1251 3957 decus.

444 3986 600 4069 Princeps
615 4006 681 4049 oon
697 3988 833 4071 cupidus
848 3990 959 4068 meriti,
976 3988 1033 4053 secl
1049 3988 1155 4052 leudis
1170 4010 1282 4053 avarus

530 4084 730 4168 Praecipuum
746 4085 815 4149 siue
830 4108 865 4150 re
880 4108 996 4151 nomen
1011 4089 1143 4152 honoris
1157 4090 1265 4161 hebet,

442 4185 518 4247 Non
535 4194 635 4260 curat,
650 4182 729 4267 quid
745 4186 858 4259 honor,
874 4185 931 4247 sed
947 4186 1027 4269 quid
1042 4188 1186 4251 rideatur
1200 4187 1381 4261 honestum,

530 4284 600 4347 Nec
610 4284 981 4366 bonsreraplecent,sed
988 4286 1297 4369 juvetumbreboni.
1313 4288 1396 4347 1400

440 4384 494 4447 Sic
512 4386 591 4449 ratio
607 4386 668 4448 sub
684 4396 844 4469 pretextu
860 4401 998 4451 caecatur
1014 4388 1153 4465 lionoris,
