3625 5317
472 774 537 833 220
734 783 874 829 rosnats
889 782 1168 830 massnamsams
1265 766 1372 847 [sacr.
1390 786 1441 831 iv·

476 936 541 1003 tilis
562 949 611 1001 est
632 949 665 1000 et
686 950 802 1003 acutus
824 934 911 1024 quod
935 958 989 999 aer
1011 935 1038 999 ei
1062 935 1166 1014 cedat,
1180 959 1237 1000 nec
1259 935 1382 1021 aliquid
1405 937 1434 999 ei

475 1039 582 1101 obstat
592 1038 651 1101 nisi
661 1036 748 1121 quod
757 1059 902 1123 grossum
913 1036 966 1116 sit,
974 1037 1061 1121 quod
1072 1036 1103 1101 ei
1114 1037 1283 1101 terminum
1295 1047 1432 1102 statuat:

476 1161 569 1205 aures
594 1161 670 1203 vcro
698 1154 729 1203 at
756 1141 863 1204 caeteri
892 1160 1003 1203 sensus
1031 1162 1094 1202 non
1125 1141 1277 1218 sentiunt,
1302 1140 1362 1204 nisi
1393 1139 1433 1203 de

476 1242 623 1328 proximo
633 1240 834 1305 obstaculum
847 1241 1018 1307 inveniant.
1046 1242 1195 1305 Harenas
1210 1246 1434 1306 Mnacntnns.

476 1344 538 1407 Est
552 1355 658 1407 autem
674 1345 706 1405 in
722 1342 827 1428 prima
841 1358 933 1428 parte
947 1343 1072 1429 capitis,
1086 1342 1117 1406 in
1133 1342 1248 1406 cellula
1263 1365 1339 1427 quae
1354 1342 1434 1406 dici·

475 1455 530 1507 tur
554 1441 766 1529 phantastica,
790 1441 921 1529 spiritus
943 1440 1074 1525 quidam
1100 1440 1246 1505 subtilior
1266 1454 1297 1503 et
1319 1440 1435 1523 agilior

476 1544 592 1629 spiritu
607 1565 665 1628 per
684 1542 815 1606 arterias
829 1540 956 1605 diffuso.
1002 1543 1110 1619 Quum
1134 1555 1240 1605 autern
1256 1542 1364 1605 anima
1379 1542 1434 1605 illo

475 1644 591 1730 spiritu
613 1655 726 1707 utatur
746 1664 806 1728 pro
827 1643 1056 1707 instrumento:
1089 1663 1122 1703 re
1144 1640 1275 1704 absente
1296 1640 1431 1705 sormam

475 1742 714 1832 comprehendit
728 1742 761 1806 in
777 1742 918 1807 materia.
960 1746 993 1807 H
997 1765 1042 1807 aec
1056 1742 1104 1805 vis
1118 1742 1233 1805 animas
1247 1741 1433 1827 imaginatio

476 1844 605 1910 dicitur.
649 1842 766 1909 Differt
795 1864 815 1905 a
844 1864 949 1915 sensu,
975 1842 1052 1927 quis
1078 1864 1188 1905 sensus
1217 1864 1250 1906 re
1277 1858 1432 1927 praesente

475 1948 609 2010 formam
625 1944 866 2031 comprehendit
879 1944 912 2007 in
929 1945 1070 2007 materia.
1102 1942 1292 2029 lmsginatio
1308 1966 1384 2008 vero
1399 1966 1431 2008 re

475 2047 617 2122 absente,
640 2061 671 2111 et
694 2050 740 2110 ita
765 2046 907 2121 confuse,
931 2045 1091 2131 quianon
1115 2044 1259 2109 discrete.
1307 2047 1347 2108 In
1373 2046 1430 2110 hac

476 2148 585 2211 eadem
602 2146 717 2212 cellula
736 2170 866 2232 quoque
886 2146 1018 2233 spiritus
1038 2144 1090 2209 ille
1105 2146 1142 2211 fit
1163 2146 1288 2210 tenuior
1308 2160 1341 2211 et
1358 2148 1431 2213 sub

477 2249 574 2328 tilior,
598 2262 631 2314 ct
661 2271 763 2335 quum
793 2274 831 2313 eo
859 2251 965 2313 anima
994 2262 1117 2325 utatur,
1143 2248 1260 2313 formas
1286 2252 1429 2314 materia

476 2350 635 2414 admixtas
654 2350 905 2435 comprehendit,
931 2374 987 2415 nec
1008 2364 1112 2415 tamen
1133 2372 1238 2415 rerum
1263 2350 1429 2416 veritatem

475 2450 622 2537 percipit,
643 2452 697 2515 sed
721 2452 871 2515 discernit
891 2467 924 2517 et
947 2452 1088 2538 inquirit.
1134 2453 1271 2517 Materia
1292 2473 1432 2538 namque

474 2551 654 2627 confundit,
678 2575 717 2616 ne
741 2552 916 2617 formarum
943 2555 1057 2618 veritas
1082 2553 1164 2617 circa
1191 2574 1258 2616 eam
1285 2572 1429 2642 compre-

474 2654 571 2719 hendi
593 2654 701 2743 possit.
748 2656 829 2719 Haec
847 2657 896 2719 vis
917 2659 1030 2721 animae
1051 2656 1133 2720 ratio
1150 2656 1280 2730 dicitur,
1301 2669 1334 2719 et
1352 2671 1430 2721 tunc

475 2757 590 2823 cellula
604 2758 659 2822 illa
673 2757 844 2823 rationalis.

521 2861 560 2923 ln
576 2859 680 2924 media
700 2882 775 2925 vero
790 2873 880 2946 parte
899 2858 1024 2945 capitis,
1038 2859 1069 2922 in
1086 2857 1200 2923 cellula
1221 2884 1295 2947 quae
1310 2860 1429 2925 dicitur

474 2959 706 3026 intellectuales
721 2962 837 3037 anima,
853 2982 954 3047 quum
971 2961 1107 3048 simplex
1124 2974 1192 3026 tum
1207 2960 1429 3041 immutabilis,

427 3136 430 3139 ,
474 3062 515 3127 ad
531 3086 620 3127 suam
636 3085 765 3148 quoque
780 3062 1070 3128 immutabilitatem
1088 3088 1120 3127 se
1136 3064 1256 3149 recipit,
1272 3079 1303 3127 et
1321 3086 1427 3127 rerum

474 3164 594 3227 formas
614 3177 706 3227 extra
727 3165 889 3229 materiam
913 3163 944 3228 in
963 3186 1021 3228 sua
1043 3164 1304 3229 immutabilitate
1326 3168 1430 3229 consi-

474 3262 574 3326 derat.
623 3262 705 3325 Haec
726 3267 773 3326 vis
791 3264 906 3328 animas
929 3266 1096 3352 disciplina
1116 3280 1257 3346 vocatur,
1275 3268 1352 3352 quia
1373 3290 1429 3353 per

473 3362 672 3448 disciplinam
693 3375 726 3427 et
740 3362 916 3428 doctrinam
939 3367 979 3431 ad
997 3368 1078 3431 liano
1099 3366 1269 3432 formarum
1287 3368 1429 3433 conside-

472 3464 625 3527 rationem
642 3463 779 3529 venitur.
826 3463 865 3529 ln
879 3466 989 3531 eadem
1012 3490 1087 3531 vero
1101 3467 1227 3543 cellula,
1242 3492 1308 3555 qua
1322 3470 1431 3533 anima

472 3563 588 3632 formas
611 3588 715 3631 rerum
736 3567 768 3631 in
791 3589 849 3632 sna
868 3568 1072 3655 simplicitate
1092 3570 1284 3647 considerat,
1303 3594 1336 3635 se
1358 3571 1427 3657 ipsa

474 3680 566 3732 utens
575 3691 633 3755 pro
642 3669 863 3748 instrumento,
874 3670 920 3734 ita
928 3670 1046 3737 scilicet
1058 3686 1092 3738 ut
1103 3671 1234 3737 formam
1244 3673 1356 3738 circuli
1365 3696 1426 3737 non

473 3767 575 3832 solum
591 3792 610 3832 a
625 3771 758 3834 materia
772 3772 948 3851 abstrahat,
974 3795 1083 3837 verum
1100 3773 1193 3838 etiam
1206 3788 1238 3837 et
1254 3771 1319 3838 sine
1341 3777 1427 3839 omni

474 3869 613 3956 partium
625 3872 851 3956 compositione
862 3873 1033 3959 intelligat.
1065 3876 1147 3939 Haec
1163 3878 1209 3939 vis
1220 3876 1431 3961 intelligentia

473 3970 592 4035 dicitur
614 3994 689 4057 quae
711 3971 809 4035 solius
832 3971 895 4037 Dei
918 3983 976 4050 cst,
1000 3990 1032 4039 et
1056 3990 1172 4063 praeter
1194 3977 1265 4042 hoc.
1312 3978 1427 4042 Differt

474 4086 582 4137 autem
608 4094 628 4134 a
651 4070 830 4157 disciplina,
855 4071 934 4159 quia
955 4076 1028 4151 liaeo
1055 4078 1297 4143 immutabiliter
1323 4100 1428 4143 rerum

473 4174 591 4237 formas
611 4184 648 4235 ut
663 4195 701 4235 ex
718 4172 864 4256 partibus
883 4176 1074 4261 compositas
1090 4176 1289 4251 considerata
1318 4177 1431 4243 inulti.

472 4274 581 4358 gentis
596 4294 671 4334 vero
690 4270 756 4335 sine
770 4276 854 4337 omni
879 4277 1019 4358 partium
1036 4276 1265 4365 compositione
1286 4301 1429 4365 compre·

473 4374 594 4438 hendit.
