3625 5317
459 744 519 805 154
713 754 851 801 Joaaara
866 754 1149 800 raananaamaara
1256 737 1339 818 [nm.
1356 756 1406 801 ιιι.

457 906 593 994 urgendi
625 905 830 991 instandique
867 904 1003 969 facultas
1038 917 1252 991 comparetur.
1307 906 1355 969 Et
1383 905 1409 969 ai

453 1009 654 1073 adversarius
679 1005 780 1082 deest,
802 1027 909 1070 aecum
936 1005 1074 1091 quiaque
1095 1006 1296 1092 experiatur,
1319 1026 1408 1090 quoe,

455 1121 547 1195 quot,
575 1119 610 1171 et
646 1119 767 1191 quanta
802 1106 976 1192 preposite
1011 1105 1198 1191 questionis
1233 1105 1407 1169 articulum

455 1208 601 1274 muniant
615 1220 673 1273 aut
695 1208 899 1294 impugnent:
922 1206 968 1270 aic
980 1206 1065 1270 enim
1079 1206 1173 1271 facile
1197 1202 1259 1270 erit
1273 1205 1411 1291 quiaque

455 1311 590 1375 idoneus
608 1309 652 1375 ad
673 1308 854 1395 cogendum
870 1321 902 1374 et
917 1309 1151 1385 reluctandum,
1166 1321 1201 1373 et
1215 1309 1282 1372 aire
1303 1310 1414 1392 agoni-

455 1412 608 1489 zandum,
624 1435 679 1476 seu
694 1410 906 1487 euadendum,
924 1434 979 1475 sen
993 1410 1284 1498 philosophandum
1300 1410 1414 1490 fuerit,

457 1513 619 1599 urgentias
647 1512 876 1597 instantiasque
909 1512 1030 1577 habena
1060 1525 1120 1577 aut
1148 1511 1323 1597 superabit,
1352 1526 1412 1575 aut

454 1616 569 1681 evadet
580 1637 654 1679 cum
665 1614 781 1700 gloria,
792 1627 850 1679 aut
863 1614 1014 1680 decenter
1025 1612 1097 1690 eibi,
1109 1627 1143 1677 et
1157 1612 1225 1677 aine
1235 1612 1411 1697 ignominia

456 1717 670 1803 superabitur.
717 1715 796 1781 Fuit
814 1716 995 1802 antiquitus
1009 1715 1078 1780 haec
1092 1719 1125 1780 in
1146 1738 1180 1779 re
1201 1714 1332 1778 militari
1346 1713 1412 1777 dia·

456 1819 575 1903 ciplina
594 1822 822 1900 Romanorum,
837 1828 875 1882 ut
893 1818 952 1903 qui
972 1817 1070 1881 armis
1082 1816 1211 1883 fuerant
1231 1815 1413 1894 exercendi,

457 1920 499 1987 ab
520 1920 649 1985 ineunte
668 1933 764 1985 aetate
777 1930 995 1985 assuescerent
1014 1917 1137 1985 militiae
1156 1915 1364 2002 imaginariae,
1378 1931 1411 1982 et

456 2020 605 2087 ludentes
618 2020 650 2085 in
665 2042 705 2087 eo
722 2021 846 2106 jugiter
861 2033 1064 2085 remorentur
1083 2018 1310 2095 adolescentes,
1325 2018 1412 2082 unde

458 2122 662 2209 postmodum
706 2121 737 2185 in
780 2121 1021 2187 necessitatibus
1057 2120 1242 2207 reipublicae
1278 2120 1413 2185 feliciter

458 2221 704 2307 triumpharent.
750 2222 902 2289 Telorum
929 2223 1069 2309 quiaque
1084 2237 1224 2289 nocent
1251 2246 1356 2303 naum,
1378 2238 1411 2288 et

457 2322 597 2409 qualiter
607 2323 758 2409 equitem,
771 2323 909 2409 qualiter
923 2324 1074 2410 peditem,
1086 2347 1171 2390 nune
1185 2325 1315 2400 iactare,
1325 2347 1410 2389 nunc

456 2424 579 2509 sugere,
603 2447 687 2489 nune
712 2426 831 2501 caesim,
855 2449 942 2492 nunc
966 2426 1111 2511 punctim
1135 2427 1230 2491 t'erire
1253 2436 1412 2512 oporteat,

457 2526 545 2591 domi
569 2526 829 2612 praediscebatur.
883 2528 937 2595 sic
966 2548 1097 2593 anorum
1127 2527 1411 2593 inatrumentorum

459 2648 584 2693 neccaae
598 2642 646 2694 eat
661 2627 815 2714 Lngieum
831 2628 1014 2714 expeditam
1031 2628 1148 2693 habere
1161 2628 1359 2706 facultatem,
1374 2642 1412 2694 ut

459 2726 577 2794 scilicet
591 2727 747 2816 principia
761 2730 897 2809 noverit,
914 2728 1133 2814 probabilibus
1147 2729 1302 2806 abundet,
1317 2729 1413 2814 ayllo-

457 2828 586 2915 giaandi
596 2842 629 2895 et
639 2830 812 2897 inducendi
823 2853 934 2897 omnea
942 2831 983 2895 ad
995 2852 1124 2897 manum
1137 2829 1253 2895 habeat
1265 2830 1411 2896 rationea

463 2932 551 2997 Vires
564 2955 696 3020 quoque
710 2931 883 2998 adversarii
895 2933 1060 2997 metiatur:
1083 2932 1235 3017 quoniam
1250 2945 1337 2997 etex
1352 2932 1413 2997 hnc

457 3032 648 3121 plerumque
674 3033 794 3119 negotii
820 3033 938 3119 pendet
966 3046 1110 3097 erentua.
1155 3036 1229 3098 Non
1253 3046 1303 3098 eat
1328 3033 1411 3097 enim

458 3134 535 3199 satia
559 3134 593 3198 in
617 3132 718 3197 altero
744 3146 869 3199 tantum
895 3134 975 3199 bene
1004 3132 1095 3197 finire
1120 3155 1289 3199 commune
1310 3156 1411 3219 opua:

458 3232 617 3318 siquidem
642 3231 726 3297 sieut
747 3232 971 3317 interrogantis
991 3247 1049 3300 aut
1074 3233 1218 3301 docentia
1239 3234 1411 3318 imperitia,

458 3331 501 3397 sic
523 3329 713 3417 plerumque
732 3330 867 3399 tarditas
888 3333 1055 3412 auditoria,
1076 3346 1135 3399 aut
1155 3333 1201 3398 rei
1227 3332 1411 3411 difficultas,

457 3456 531 3498 eum
547 3432 602 3519 qui
625 3433 693 3518 agit
714 3456 755 3499 ex
775 3448 854 3511 arte,
871 3437 939 3500 voti
958 3449 1136 3522 compotem
1154 3458 1223 3501 ease
1242 3458 1306 3500 non
1326 3436 1411 3501 aicit.

458 3536 520 3603 Eat
539 3545 659 3612 autem,
683 3547 719 3600 ut
741 3534 786 3599 ait
803 3534 978 3616 Palladius,
991 3558 1107 3622 magna
1126 3559 1201 3621 para
1219 3536 1413 3622 prudentie,

459 3638 532 3725 ejus
542 3659 694 3723 cumquo
705 3638 813 3724 agitur
822 3638 980 3705 estimare
990 3660 1169 3724 personam.
1201 3639 1414 3725 injurequo-

459 3760 523 3824 que
544 3752 674 3805 cautum
697 3753 756 3820 est,
772 3742 848 3827 quia
870 3764 963 3807 nemo
977 3740 1074 3807 debet
1096 3762 1166 3805 ease
1186 3741 1319 3827 ignarus
1339 3763 1414 3805 con·

458 3838 589 3906 ditionis
602 3840 684 3925 ejua,
697 3860 770 3906 cum
786 3865 853 3927 quo
867 3841 1036 3907 contrahit.
1080 3844 1171 3926 Ergo
1184 3857 1217 3907 et
1231 3842 1325 3907 aliter
1338 3864 1412 3907 cum

458 3940 596 4022 erudito,
618 3941 712 4007 aliter
737 3944 894 4028 agendum
926 3957 973 4009 est
1003 3966 1074 4009 cum
1100 3966 1149 4017 eo,
1176 3967 1271 4030 quem
1298 3945 1415 4010 rudem

458 4044 561 4111 noeti:
583 4066 656 4109 nam
676 4044 820 4132 eruditna
837 4047 1052 4133 syllogisticis,
1070 4047 1159 4113 rudia
1183 4049 1347 4134 urgendus
1363 4060 1413 4113 est

458 4145 635 4211 rationibus
644 4144 827 4213 inductivis.
859 4148 1020 4213 Ceterum
1033 4162 1069 4214 ut
1085 4149 1160 4234 quia
1169 4149 1274 4215 veniat
1285 4149 1325 4213 ad
1339 4170 1414 4235 pro-

458 4247 589 4326 l'ectum,
599 4247 682 4313 deut
694 4245 835 4314 studium
852 4248 1004 4323 exercitii,
1017 4250 1063 4315 ita
1074 4264 1107 4316 et
1118 4272 1228 4315 renam
1241 4250 1414 4315 laudabilia

458 4371 582 4417 neceaae
593 4362 642 4414 est
654 4349 782 4415 subesse
793 4348 924 4434 ingenii.
950 4350 1118 4436 Ingenium
1131 4373 1208 4416 vero
1220 4352 1342 4417 bonum
1353 4364 1413 4426 cat,
