3625 5317
509 742 549 801 82
764 750 902 797 sonuum
918 748 1198 797 saassssrunusrs
1325 732 1411 813 [ara.
1427 754 1463 797 u

508 907 540 969 in
556 903 733 989 indigentia
755 901 977 976 laborandum,
999 923 1102 987 purus
1124 912 1158 966 et
1172 900 1309 986 simplex
1335 900 1463 966 Dialec-

509 1007 592 1070 ticus
606 1027 678 1069 raro
697 1006 875 1069 examinat:
906 1016 939 1068 at
960 1003 993 1067 in
1014 1003 1052 1067 iis
1072 1002 1212 1079 vivendi,
1228 1002 1278 1066 vel
1300 1002 1343 1067 ad
1363 1004 1463 1069 beati-

509 1108 664 1183 tudinem,
679 1106 724 1170 vel
741 1106 781 1170 ad
793 1106 1055 1184 incolumitatem,
1067 1117 1212 1169 versatur
1224 1103 1363 1170 utilitas:
1387 1106 1462 1169 licet

509 1209 593 1274 enim
622 1208 725 1293 logica
753 1208 886 1292 seipsam
917 1206 1078 1292 expediat,
1104 1222 1237 1293 propter
1266 1206 1330 1271 alia
1358 1221 1462 1272 umen

508 1310 610 1396 magis
622 1309 751 1375 inventa
762 1318 819 1374 est.
844 1311 926 1373 Fere
933 1331 1022 1395 ergo,
1033 1321 1070 1372 ut
1085 1308 1217 1393 spiritus
1228 1308 1415 1374 animalium
1425 1330 1463 1372 ea

508 1408 659 1493 disponit,
682 1422 714 1473 et
740 1422 879 1491 vegetat,
901 1421 935 1472 et
957 1408 1109 1471 humores
1135 1410 1229 1491 regit,
1251 1421 1285 1472 et
1310 1408 1399 1471 foret
1421 1407 1461 1471 ad

508 1510 605 1577 vitam
621 1510 799 1588 animalem,
815 1510 856 1574 ab
876 1509 956 1596 ipsis
971 1522 1075 1573 tamen
1097 1508 1288 1574 humoribus
1307 1509 1461 1585 nascitur,

507 1627 539 1679 et
562 1611 739 1679 subtilitate
762 1634 833 1689 sus,
848 1623 880 1675 et
902 1610 1022 1695 vigore,
1042 1631 1189 1695 magnam
1212 1609 1327 1675 molem
1348 1611 1461 1695 agitat,

507 1717 588 1783 etad
602 1740 634 1781 se
644 1717 794 1804 disponit,
805 1726 966 1801 quantem
976 1736 1043 1778 aon
1053 1718 1156 1778 aazia
1166 1715 1302 1779 tardant
1312 1736 1461 1799 corpora:

506 1819 550 1885 sic
565 1820 670 1903 logica
683 1818 725 1882 ab
745 1817 814 1881 aliis
828 1815 919 1880 ducit
937 1815 1107 1901 uliginem,
1121 1838 1241 1901 easque
1261 1815 1416 1903 disponit,
1429 1831 1461 1883 et

506 1934 613 1985 moret
626 1932 783 2004 quantum
799 1917 924 1981 inertiae
938 1930 971 1982 et
985 1917 1175 2003 ignorantie
1191 1931 1382 1982 nocumento
1398 1940 1460 1983 non

506 2021 696 2086 retardatur.
732 2018 827 2097 Quod
842 2019 974 2104 planum
989 2018 1101 2094 estiis,
1118 2019 1177 2105 qui
1196 2032 1230 2084 et
1244 2032 1347 2085 artem
1362 2020 1459 2085 disse-

505 2120 595 2185 rendi
611 2132 779 2198 noverunt,
793 2131 825 2183 et
840 2117 918 2183 alias
932 2119 1125 2205 disciplinas.

528 2308 606 2395 Cap.
626 2313 675 2372 12.
702 2309 743 2371 In
758 2310 1008 2390 quibuscomes!
1021 2311 1211 2373 mariam
1224 2310 1306 2388 eiua,
1322 2316 1355 2374 ct
1368 2331 1432 2393 quo

800 2420 914 2475 matur
928 2414 1155 2475 iaatmnrmto.

549 2530 729 2593 Vsnsarun
743 2527 929 2592 exercitium
947 2524 1133 2591 Dialecticae
1152 2528 1186 2593 in
1201 2529 1351 2597 omnibus
1364 2530 1458 2596 disci·

505 2625 610 2715 plinis,
636 2626 792 2714 siquidem
817 2628 1025 2715 quaestionem
1057 2627 1154 2695 habet
1179 2629 1365 2695 materiam:
1402 2633 1458 2698 sed

504 2752 585 2806 eam,
608 2752 684 2816 quae
709 2730 896 2817 hypothesis
921 2729 1052 2805 dicitur,
1077 2729 1196 2807 idest,
1221 2754 1296 2817 quie
1320 2732 1457 2798 circum·

504 2832 628 2897 stantiis
647 2830 840 2918 implicatur,
855 2828 1008 2915 relinquit
1019 2830 1148 2893 oratori.
1181 2832 1264 2895 Sunt
1278 2844 1384 2897 antem
1400 2834 1459 2898 cir·

503 2935 717 3011 cumstantiae,
746 2956 827 3020 quas
859 2930 1014 2996 Boethius
1043 2930 1075 2994 in
1108 2945 1227 3016 quarto
1256 2933 1455 3019 Topicorum

504 3047 680 3109 enumerat,
702 3038 786 3116 quis,
806 3034 896 3116 quid,
920 3034 986 3111 uhi,
1000 3032 1119 3113 quibus
1142 3034 1366 3113 adminiculis,
1386 3058 1458 3115 ctu,

503 3137 666 3217 quomodo,
680 3136 820 3215 quondo.
858 3132 987 3197 Thesim
1001 3153 1075 3195 cero
1086 3131 1232 3198 vendicat
1247 3134 1327 3199 sibi:
1348 3135 1382 3199 id
1397 3150 1457 3213 est,

503 3231 987 3316 quaestionemapraedictarum
996 3232 1307 3299 circumstantiarum
1318 3238 1457 3302 nexibus

503 3334 691 3399 absolutam.
718 3335 975 3398 Communiorem
987 3333 1069 3397 enim
1082 3334 1330 3419 speculationem
1342 3360 1456 3424 aggre-

504 3435 604 3511 ditur,
626 3456 683 3497 nec
705 3435 780 3521 jure
803 3456 861 3497 suo
886 3431 1049 3497 descendit
1072 3432 1112 3497 ad
1141 3435 1301 3520 singulm·
1316 3438 1405 3524 quod
1429 3441 1455 3503 si

502 3538 632 3623 quando
654 3537 770 3614 evenit,
793 3534 928 3621 hospitis
953 3556 1052 3612 ruore,
1076 3536 1166 3600 bonis
1192 3538 1314 3603 fruitur
1335 3540 1454 3605 alienis.

504 3642 604 3705 Porro
623 3643 869 3705 instrumentum
892 3660 959 3724 quo
980 3637 1137 3703 alterutra
1159 3640 1274 3719 utitur,
1289 3644 1455 3727 proposito

502 3764 560 3806 suo
581 3742 773 3818 deserviens,
796 3740 898 3805 oratio
919 3752 978 3803 est.
1026 3739 1088 3802 Illa
1109 3742 1193 3804 enim
1214 3764 1290 3829 quse
1309 3743 1453 3829 judicem

500 3857 605 3909 moret
616 3844 713 3907 alium
726 3866 743 3906 a
755 3840 1012 3927 confligentibus,
1023 3844 1175 3907 continua
1185 3846 1291 3908 utitur
1299 3846 1454 3926 oratione,

500 3959 531 4011 et
547 3943 730 4010 inductione
750 3942 968 4028 frequentium
998 3965 1037 4005 eo
1057 3942 1143 4027 quod
1159 3942 1200 4006 ad
1222 3947 1331 4027 plures
1345 3959 1405 4022 est,
1420 3958 1454 4010 et

499 4045 689 4132 plerumque
718 4041 873 4129 populum
904 4055 1031 4129 captat:
1066 4042 1135 4107 brec
1164 4056 1272 4108 autem
1303 4044 1453 4108 intercisa

499 4147 651 4222 oratione,
681 4158 713 4210 et
744 4146 886 4209 crebrius
923 4146 1029 4209 utitur
1063 4144 1266 4230 syllogismis,
1296 4146 1375 4232 quia
1411 4144 1453 4209 de

499 4247 669 4315 adversarii
696 4246 812 4328 pendet
839 4244 973 4331 judicio,
1000 4257 1032 4308 et
1062 4245 1101 4309 ad
1133 4268 1233 4311 unum
1261 4259 1321 4322 est,
1349 4247 1401 4311 cui
1427 4250 1453 4311 ri

498 4354 592 4417 iidem
619 4350 740 4429 iecerit,
765 4349 858 4413 finem
887 4346 1042 4432 propositi
1068 4347 1288 4433 apprehendit.
1337 4351 1452 4432 Neque
