3625 5317
471 727 535 786 stt
734 737 1163 784 rotuursssnsssrmsnsrs

467 893 603 957 nanum
621 893 656 956 iu
679 893 869 956 sententiam
891 891 1103 956 anathematis
1125 891 1296 955 revocarit.
1342 892 1420 964 Qun

467 994 626 1073 severitas,
640 994 673 1056 iu
692 994 797 1056 sancti
811 993 947 1056 Thomas
962 992 1109 1074 ingressu
1124 990 1300 1076 publicata,
1314 1013 1418 1072 regem

467 1095 605 1177 amplius
630 1094 837 1157 exacerbavit
858 1105 891 1158 et
913 1094 1039 1176 linguas
1069 1094 1228 1158 toxicatas
1251 1093 1418 1158 detrahen-

466 1197 544 1258 tium
573 1196 773 1259 efficaciores
802 1193 943 1258 reddidit
971 1193 1013 1257 ad
1046 1195 1240 1258 nocendum.
1300 1195 1428 1257 Iterum·

465 1317 540 1377 ergo
559 1295 695 1374 damnis,
716 1297 830 1359 iterum
853 1294 1064 1358 atrocioribus
1088 1293 1215 1379 injuriis
1234 1314 1331 1376 supra
1353 1315 1418 1358 mo-

465 1394 541 1458 dum
571 1408 605 1459 et
632 1417 799 1458 numerum
828 1395 949 1458 athleta
988 1393 1107 1458 Christi
1140 1397 1271 1458 affectam
1306 1405 1354 1457 est
1386 1405 1418 1457 et

465 1498 571 1562 edicto
593 1497 724 1580 publico
746 1495 927 1580 prohibitus
949 1496 1096 1559 ecclesiae
1118 1517 1184 1560 sum
1206 1507 1299 1577 septa
1318 1497 1415 1558 exire.

465 1597 620 1682 Quisquis
635 1598 666 1660 ei
681 1598 731 1660 vel
747 1596 845 1659 alicui
859 1617 989 1659 snorum
1004 1596 1120 1660 faciem
1136 1597 1266 1658 hilarem
1283 1609 1416 1679 praetan-

465 1699 575 1776 debat,
588 1697 691 1761 hostis
712 1698 862 1780 publicus
884 1697 1086 1761 censebatur.
1131 1697 1195 1760 Sed
1217 1697 1286 1760 haec
1309 1697 1416 1760 omnia

462 1801 511 1862 vir
531 1799 595 1862 Dei
620 1798 654 1861 in
681 1800 782 1862 multa
810 1799 964 1882 patientia
993 1800 1175 1876 sufferebat,
1198 1800 1320 1861 malens
1349 1821 1414 1862 non

386 1887 392 1894 ’
461 1899 559 1962 modo
588 1921 691 1962 rernm
720 1899 777 1962 sed
800 1910 833 1962 et
854 1899 967 1964 salutis
996 1899 1103 1962 subire
1127 1899 1296 1981 jacturam,
1320 1921 1414 1983 quam

454 2001 615 2083 justitiam
633 2001 695 2065 Dei
716 2012 749 2063 et
763 2000 912 2065 ecclesiae
933 2001 1111 2064 libertatem
1134 2001 1255 2084 absque
1278 2002 1411 2064 subren-

458 2103 546 2165 tione
562 2103 611 2165 vel
627 2103 741 2165 saltem
766 2101 990 2163 reclamatione
1012 2101 1196 2183 periclitari.
1240 2101 1323 2164 Pace
1346 2124 1414 2165 om·

458 2204 548 2265 nium
571 2212 752 2266 sanctorum
775 2201 932 2264 dixerim:
963 2201 990 2263 si
1021 2211 1143 2264 tantum
1174 2202 1245 2264 Deo
1276 2201 1410 2286 quisquc

457 2305 611 2380 immolat,
637 2315 794 2386 quantum
817 2324 876 2384 pro
901 2303 1005 2384 ipsius
1030 2321 1138 2365 amore
1163 2302 1324 2384 relinquit,
1346 2325 1410 2366 non

455 2405 549 2465 facile
572 2404 743 2479 invenitur,
766 2403 822 2486 qni
845 2403 1003 2465 'rhomam
1028 2402 1204 2466 antecedat.
1250 2403 1336 2466 Nam
1353 2425 1410 2486 pro

457 2504 586 2568 Christo
608 2523 667 2565 sua
696 2513 729 2565 et
750 2523 826 2565 suos
849 2505 1032 2581 contemsit,
1054 2505 1224 2568 contemsit
1244 2503 1408 2580 mundum,

456 2605 628 2672 contemsit
640 2617 672 2668 et
686 2603 836 2686 seipsum.
882 2604 927 2666 Et
950 2605 1026 2688 quia
1045 2605 1136 2668 stilus
1157 2603 1198 2667 ad
1220 2605 1409 2670 confessoris

454 2717 604 2790 properat
618 2706 812 2789 passionem,
829 2704 923 2787 cujus
942 2719 1090 2769 auctores
1105 2718 1138 2768 et
1156 2727 1253 2768 causa
1267 2728 1311 2770 ex
1326 2708 1404 2770 mul·

453 2810 495 2872 tis
510 2820 543 2870 et
564 2805 690 2887 magnis
713 2816 822 2886 patent
842 2803 980 2876 indiciis,
1002 2805 1036 2868 in
1051 2825 1090 2867 ea
1110 2804 1189 2868 mihi
1209 2826 1275 2868 non
1295 2807 1406 2870 censui

454 2908 576 2974 diutius
596 2904 850 2981 immorandum3
872 2906 1047 2989 praesertim
1063 2926 1160 2988 quum
1172 2905 1241 2988 jain
1264 2908 1328 2970 fere
1350 2929 1406 2990 per

452 3011 562 3070 orbern
580 3008 730 3071 Latinum
754 3027 797 3068 ex
814 3006 967 3069 relatione
990 3007 1197 3088 plurimorum
1218 3007 1260 3070 sit
1277 3019 1354 3070 nota
1373 3020 1405 3072 et

452 3107 614 3188 divulgata
635 3108 778 3179 materia.
823 3107 899 3169 Hoc
914 3117 1020 3169 tamen
1041 3108 1075 3170 in
1095 3119 1185 3171 tanto
1206 3107 1322 3172 divinae
1338 3110 1403 3174 dis·

450 3206 650 3288 pensatiouis
664 3226 793 3268 munere
810 3207 972 3270 silendum
987 3227 1057 3270 esse
1074 3227 1137 3270 nou
1155 3207 1292 3270 credidi:
1316 3209 1403 3292 quod

450 3305 490 3369 ad
522 3306 585 3367 Dei
607 3318 639 3367 et
660 3304 807 3386 martyris
836 3309 885 3369 sui
907 3309 1041 3388 gloriam
1071 3307 1208 3370 universi
1240 3309 1402 3386 mirantur,

450 3407 525 3492 qnia
539 3406 587 3470 sic
603 3427 716 3469 omues
730 3405 978 3471 circumstantias
999 3423 1230 3474 concurrerunt
1247 3411 1281 3472 in
1297 3431 1399 3492 agone

447 3509 621 3592 pontificis,
642 3519 678 3571 ut
698 3508 851 3591 patientis
871 3509 1000 3572 titulum
1030 3523 1188 3594 perpetuo
1209 3512 1401 3575 illustrarent

447 3620 481 3672 st
502 3610 761 3692 persequentium
789 3610 967 3672 revelarent
997 3609 1205 3693 impietatem,
1226 3623 1259 3674 et
1281 3633 1397 3676 nomen

446 3712 639 3791 sempiterno
653 3711 853 3773 macularent
866 3711 1048 3793 opprobrio.
1095 3713 1130 3776 Si
1146 3715 1230 3776 enim
1247 3735 1397 3797 personas

446 3813 522 3875 hinc
545 3809 621 3874 inde
644 3812 759 3874 intueri
780 3824 813 3875 et
835 3813 937 3875 metiri
958 3815 1136 3896 placuerit:
1159 3819 1297 3881 occurrit
1319 3819 1393 3882 hinc

444 3914 611 3994 religiosus
626 3911 902 3994 archiepiscopus,
919 3913 1154 3978 Britanniarum
1172 3917 1300 4000 primas,
1310 3918 1394 3981 sedis

443 4015 629 4097 apostolicae
657 4015 792 4094 legatus,
816 4012 923 4095 judex
953 4012 1259 4098 incorruptissimus,
1281 4029 1393 4098 utpote

441 4135 500 4177 nec
531 4127 680 4196 acceptor
708 4132 928 4194 personarum,
958 4135 1017 4177 nec
1050 4135 1228 4191 munerum,
1258 4130 1393 4182 assertor

439 4215 665 4278 ecclesiasticae
681 4211 846 4289 libertatis,
862 4227 894 4276 et
909 4217 1000 4296 quasi
1017 4219 1111 4280 turris
1126 4229 1232 4283 crecta
1250 4219 1283 4282 in
1297 4221 1388 4284 Jeru-

440 4317 538 4380 salem
554 4329 665 4377 contra
680 4313 795 4376 facicm
812 4314 975 4393 Damasci,
992 4319 1125 4382 malleus
1137 4319 1317 4402 impiorum,
1333 4320 1389 4384 scd
