3625 5317
462 791 504 851 68
727 802 864 847 Joxnxrs
881 800 1161 847 sxaasasarrsnsrs
1280 782 1361 863 [ua.
1379 802 1421 846 n.

480 956 560 1040 Cap.
576 961 606 1018 5.
629 954 681 1018 Dc
692 955 842 1036 portibus
857 953 1059 1028 Balearica,
1075 954 1191 1036 etfine
1207 953 1405 1037 taguma.

509 1070 636 1134 Vanum
655 1080 693 1132 ut
715 1090 735 1131 a
756 1068 859 1153 specie
879 1068 1047 1132 redeamus
1069 1067 1108 1130 ad
1130 1089 1244 1152 genus,
1264 1068 1418 1154 quoniam

468 1170 614 1258 quoedam
627 1169 732 1233 adhuc
743 1168 891 1235 videntur
900 1169 1050 1244 dicendam
1067 1170 1280 1235 communiter
1288 1174 1424 1255 topicam

467 1272 645 1337 diviserunt
661 1283 806 1335 auctores
827 1270 859 1334 in
874 1272 1038 1335 scientiam
1060 1270 1254 1347 inveniendi,
1271 1284 1303 1335 et
1323 1271 1426 1334 scien-

467 1377 544 1439 tiam
568 1372 755 1457 judicandi;
785 1372 984 1459 eandemque
1015 1385 1116 1436 totam
1142 1372 1175 1435 in
1202 1370 1424 1452 divisionibus,

467 1469 719 1552 definitionibus,
744 1469 1050 1555 collectionibusque
1079 1469 1198 1533 versari
1223 1468 1422 1536 docuerunt:

467 1573 626 1659 siquidem
639 1573 819 1637 inveniendi
831 1586 862 1636 et
873 1570 1041 1658 judicandi
1053 1572 1205 1656 magistra
1220 1588 1281 1649 ast,
1293 1587 1326 1637 et
1340 1570 1424 1635 divi·

468 1672 578 1751 dendi,
594 1672 841 1759 definiendique,
854 1686 885 1736 et
901 1671 1145 1758 argumentandi
1158 1670 1299 1756 peritum
1314 1671 1423 1748 habet,

469 1775 567 1840 immo
587 1776 665 1841 facit
686 1774 842 1861 opificem.
888 1778 977 1840 inter
999 1785 1130 1837 caeteras
1151 1772 1261 1858 itaque
1283 1772 1425 1861 philoso-

469 1878 555 1963 phiae
571 1890 689 1964 partes,
704 1876 874 1962 privilegio
895 1875 1017 1962 duplici
1039 1874 1192 1959 insignita
1207 1887 1274 1938 est:
1298 1874 1376 1960 quia
1391 1888 1424 1937 et

469 1978 655 2066 principalis
669 1978 802 2041 membri
811 1978 989 2041 ‘decoratur
1002 1977 1134 2053 honore,
1145 1990 1177 2040 et
1193 1976 1225 2041 in
1237 1989 1306 2041 toto
1320 1975 1424 2062 philo·

471 2078 591 2165 sophise
607 2100 749 2163 corpore,
766 2076 898 2143 efficacis
914 2078 1117 2144 instrumenti
1132 2092 1256 2144 exercet
1271 2078 1424 2144 officium.

474 2180 633 2267 Physicus
652 2180 747 2253 eninr,
763 2193 793 2245 et
816 2181 963 2261 Ethicus,
977 2181 1010 2244 in
1026 2182 1093 2246 suis
1112 2182 1338 2247 assertionibus
1359 2203 1425 2245 non

472 2281 662 2370 procedunt,
692 2282 750 2345 nisi
782 2281 1026 2367 probationibus
1054 2304 1073 2345 a
1103 2283 1222 2365 Logico
1259 2282 1423 2347 mutuatis.

475 2385 577 2449 Nemo
600 2404 707 2448 eorsum
732 2396 816 2447 recte
838 2382 960 2459 definit,
976 2396 1033 2448 aut
1056 2382 1183 2460 dividit,
1199 2384 1260 2449 nisi
1280 2384 1327 2448 eis
1347 2383 1424 2448 artis

473 2506 541 2549 sure
552 2482 960 2569 Logicusgratiamfaciat:
980 2484 1120 2571 alioquin
1131 2508 1293 2549 successus
1301 2506 1426 2561 eorum,

473 2609 536 2652 non
556 2586 697 2663 scientia,
713 2585 768 2649 sed
791 2610 883 2651 casus
904 2601 1083 2673 promovet.
1129 2588 1319 2653 Rationalis
1340 2591 1427 2652 enim

474 2702 542 2764 est;
571 2702 608 2753 ut
623 2700 746 2753 constet
768 2712 806 2753 ex
829 2690 967 2768 nomine,
983 2692 1055 2775 quis
1075 2688 1105 2753 ei
1120 2689 1160 2754 sit
1176 2690 1208 2753 iu
1224 2688 1428 2776 philosophia

473 2814 649 2879 processus,
672 2791 729 2877 qui
755 2791 884 2857 rationis
910 2814 1025 2879 expers
1046 2805 1112 2857 est:
1143 2790 1215 2857 licet
1243 2793 1326 2857 enim
1353 2793 1428 2879 quis

475 2894 687 2981 perspicacem
712 2893 827 2959 habeat
850 2893 1016 2970 rationem,
1032 2894 1146 2959 animas
1168 2894 1319 2960 virtutem
1342 2894 1426 2975 dico,

473 2996 506 3059 in
537 2994 745 3080 philosophiae
774 3004 880 3059 tamen
910 2995 1046 3080 negotiis
1075 2994 1116 3060 ad
1146 2995 1249 3060 multa
1278 2996 1425 3061 subsistit

474 3096 674 3177 offendicula,
688 3096 715 3159 si
729 3119 792 3160 non
808 3096 924 3161 habeat
939 3096 1092 3160 rationem
1105 3096 1259 3183 propositi
1274 3096 1426 3162 faciendi:

475 3220 549 3283 quae
565 3196 693 3281 quidem
710 3210 758 3261 est
774 3196 955 3275 methodus,
970 3196 1002 3259 id
1018 3212 1066 3262 est
1082 3199 1164 3264 ratio
1179 3199 1427 3285 compendiaria,

477 3296 633 3385 propositi
649 3296 773 3382 pariens
787 3312 819 3361 et
834 3296 1005 3381 expediens
1019 3297 1216 3365 facultatem.
1255 3304 1429 3366 Versantur

477 3411 584 3463 autem
601 3398 632 3460 in
649 3394 700 3461 his
714 3410 746 3461 et
767 3420 841 3483 quae
857 3396 953 3463 dictae
969 3410 1042 3464 sunt
1064 3400 1259 3488 pertinentes
1272 3402 1313 3467 ad
1332 3400 1429 3488 Logi-

443 3502 446 3509 ’
476 3522 544 3564 carn
560 3497 744 3585 disciplina.
792 3502 875 3564 Nam
891 3501 1144 3581 demonstrativa,
1161 3516 1190 3569 et
1202 3504 1383 3587 probabilis,
1399 3515 1429 3569 et

477 3602 655 3685 sophistica,
671 3624 778 3666 omnes
793 3600 925 3689 quidem
940 3608 1118 3672 consistunt
1139 3605 1171 3671 in
1187 3606 1380 3683 inventione,
1396 3622 1429 3671 et

475 3703 612 3794 judicio,
622 3718 653 3770 et
666 3704 776 3769 itidem
786 3704 976 3785 dividentes,
986 3708 1184 3788 definientes,
1194 3722 1227 3775 et
1235 3707 1431 3793 colligentes,

480 3810 661 3874 domesticis
675 3808 854 3874 rationibus
869 3825 1027 3877 utuntur:
1054 3814 1114 3879 etsi
1129 3813 1269 3890 materia,
1286 3827 1342 3879 aut
1358 3812 1432 3893 fine,

480 3924 535 3975 aut
558 3910 652 3975 modo
675 3908 801 3994 agendi,
815 3909 984 3976 dissimiles
1005 3911 1076 3978 sint.
1122 3914 1230 3991 Quum
1253 3935 1328 3977 vero
1349 3911 1431 3977 ratio

481 4010 698 4097 multipliciter
734 4010 872 4089 dicatur,
903 4012 1054 4078 latissime
1088 4027 1177 4101 patet
1205 4014 1259 4079 hic
1292 4014 1431 4079 officium

480 4114 632 4181 nominis:
657 4136 760 4200 neque
775 4114 856 4177 enim
869 4129 1032 4181 coartatur
1047 4117 1088 4180 ad
1100 4116 1133 4182 id
1150 4117 1332 4198 dumtaxat,
1342 4115 1432 4202 quod

480 4218 561 4284 ratio
576 4230 634 4290 cst,
653 4216 707 4279 sed
723 4216 762 4279 ad
779 4216 812 4280 id
837 4218 1042 4302 protenditur
1057 4219 1164 4297 etiam,
1180 4220 1268 4306 quod
1292 4219 1431 4285 videtur·

479 4324 563 4386 Nam
589 4331 624 4383 ut
646 4316 723 4381 alias
745 4331 865 4381 taceam
890 4318 1025 4382 nominis
1047 4319 1303 4406 significationes,
1318 4320 1432 4385 dicunt

478 4422 538 4486 hoc
561 4442 674 4485 nomen
700 4418 900 4505 grammatici
927 4420 1105 4499 absolutum,
1131 4424 1219 4510 quod
1246 4423 1287 4487 ad
1314 4421 1433 4487 intelli·
