3625 5317
484 773 544 837 148
735 788 872 834 Joaurus
888 785 1166 833 sanssnssususrs
1281 769 1363 848 [us.
1380 786 1430 831 ιιι.

480 939 630 1023 cognitio,
645 940 701 1024 qui
717 940 773 1003 etsi
798 960 860 1001 non
881 934 1047 1001 abundent
1067 936 1249 1023 proeceptis,
1265 936 1325 1000 nisi
1347 960 1432 1014 raro,

480 1062 588 1103 rerum
615 1055 719 1103 tamen
751 1060 996 1122 sermonumque
1023 1038 1221 1102 utilissimam
1252 1037 1430 1101 doctrinam

479 1142 610 1205 faciunt.
642 1140 726 1219 Quia
736 1163 813 1224 ergo
827 1140 1014 1204 exercitatio
1026 1138 1221 1215 Dialecticae,
1236 1138 1277 1202 ad
1293 1136 1429 1202 alterum

479 1258 546 1313 est;
572 1264 672 1327 pares,
686 1264 767 1327 quos
777 1241 936 1327 producit,
948 1253 981 1304 et
995 1262 1080 1326 quos
1092 1240 1270 1304 rationibus
1282 1239 1430 1315 munivit,

479 1358 511 1407 et
529 1344 616 1422 lociS,
631 1366 688 1408 sua
708 1343 799 1407 docet
820 1365 909 1406 arma
930 1356 1077 1420 tractare,
1091 1352 1123 1405 et
1144 1364 1302 1405 sermones
1321 1346 1432 1426 potius

480 1468 642 1509 conserere
658 1466 753 1531 quam
773 1444 932 1523 dexteras,
946 1455 979 1507 et
999 1456 1089 1507 tanta
1109 1442 1234 1507 cautela
1248 1442 1376 1518 imbuit,
1394 1457 1429 1507 ut

481 1545 580 1609 totius
600 1544 789 1630 eloquentiae
810 1557 969 1629 praecepta
990 1542 1064 1608 hinc
1088 1556 1189 1607 tracta
1204 1541 1433 1628 principaliter,

481 1646 566 1711 velut
588 1670 606 1710 a
627 1646 789 1732 primitivo
809 1645 896 1708 sonte
915 1642 1046 1726 originis
1068 1666 1146 1719 suae,
1161 1664 1289 1706 manare
1310 1645 1433 1728 perspi-

392 1782 397 1787 ·
480 1770 575 1811 cuurn
593 1749 644 1812 sit.
690 1746 914 1811 indubitanter
928 1745 1011 1808 eninr
1026 1766 1134 1809 verum
1149 1757 1207 1819 est,
1225 1744 1313 1830 quod
1327 1744 1431 1808 faten-

481 1864 536 1913 tur
552 1850 664 1913 Cicero
679 1862 709 1912 et
721 1847 945 1925 Quintilianus,
956 1846 1032 1931 quia
1042 1844 1116 1910 hinc
1127 1866 1189 1909 non
1201 1844 1296 1909 modo
1309 1845 1432 1910 Rheto-

480 1950 616 2014 ricorum
636 1948 870 2035 adjumentum,
885 1946 939 2009 sed
956 1958 987 2009 et
1008 1946 1198 2032 principium
1215 1946 1382 2023 Rhetores,
1398 1965 1430 2013 et

481 2052 648 2134 scriptores
669 2049 786 2111 artium
810 2060 1065 2131 assumpserunt:
1097 2047 1301 2133 postmodum
1324 2061 1430 2114 tamen

481 2150 617 2236 propriis
640 2148 772 2212 dilatata
797 2160 844 2211 est
870 2146 1033 2211 institutis.
1080 2152 1235 2213 Versatur
1259 2172 1337 2235 ergo
1362 2164 1431 2216 tota

481 2248 663 2313 Dialecticae
683 2246 825 2331 agitati0,
842 2247 991 2331 quoniam
1012 2247 1092 2312 alter
1106 2247 1238 2312 alterius
1250 2249 1352 2334 judex
1369 2264 1429 2327 est,

479 2351 561 2414 inter
572 2361 783 2435 opponentem
795 2361 826 2411 et
837 2348 1088 2434 respondentem.
1121 2351 1246 2413 Horum
1260 2374 1336 2415 vero
1347 2364 1433 2416 uter-

479 2472 542 2536 que
558 2452 649 2513 finem
674 2472 765 2513 suurn
790 2451 983 2536 assequitur,
999 2452 1024 2513 si
1047 2450 1126 2515 nihil
1147 2451 1274 2516 omittat
1295 2476 1335 2516 ex
1357 2478 1431 2518 con-

479 2552 693 2635 tingentibus:
729 2551 753 2613 si
783 2552 947 2637 proposito
972 2551 1016 2614 sic
1044 2552 1177 2627 insistat,
1206 2565 1242 2617 ut
1267 2568 1300 2618 et
1327 2578 1371 2633 se,
1396 2569 1428 2620 et

479 2654 651 2717 orationem
667 2654 873 2737 increpationi
895 2652 1063 2717 subducat.
1108 2658 1180 2718 Non
1201 2654 1285 2718 enim
1305 2678 1429 2742 semper

480 2755 587 2819 eadem
605 2769 651 2820 est
667 2754 889 2841 increpationis
903 2755 1042 2818 occasio:
1067 2778 1138 2818 nam
1150 2755 1340 2842 plerumque
1356 2781 1428 2844 pro·

480 2858 586 2942 positi,
602 2857 792 2944 plerumque
813 2858 1016 2942 proponentis
1038 2861 1132 2941 culpa
1146 2872 1201 2922 est
1251 2858 1427 2944 Siquidem,

481 2973 516 3023 ut
532 2961 576 3023 ait
594 2958 788 3036 Aristoteles,
803 2980 864 3021 non
881 2971 929 3021 est
944 2958 976 3021 in
992 2961 1092 3021 altero
1107 2972 1226 3022 tantam
1243 2960 1322 3024 bene
1337 2959 1427 3023 finire

480 3081 645 3123 commune
654 3081 750 3144 opus:
767 3080 837 3121 nam
849 3072 879 3120 et
891 3058 947 3141 qui
957 3057 1126 3140 litigatorie
1136 3060 1321 3147 interrogat,
1331 3084 1429 3145 prave

480 3160 634 3245 disputat,
657 3174 688 3221 et
711 3158 767 3241 qui
790 3158 822 3219 in
846 3156 1065 3241 respondendo
1088 3181 1150 3223 non
1174 3162 1318 3226 concedit
1340 3162 1427 3247 quod

480 3260 617 3331 videtur,
633 3280 735 3341 neque
751 3256 881 3341 suscipit
902 3256 1090 3342 quicquam,
1105 3263 1193 3347 quod
1212 3262 1282 3327 vult
1297 3262 1430 3328 interro·

479 3380 557 3441 gans
566 3354 739 3439 inquirere:
763 3355 972 3421 Manifestum
982 3357 1077 3423 etiam
1087 3363 1236 3447 quoniam
1248 3363 1428 3428 nonsimili·

480 3471 529 3521 ter
541 3456 779 3619 increpandup,
790 3470 821 3520 et
836 3479 891 3542 per
903 3480 936 3520 se
948 3458 1114 3537 rationem,
1127 3475 1158 3525 et
1170 3461 1429 3546 interrogantem.

480 3557 570 3621 Nihil
582 3557 663 3619 enim
680 3580 739 3643 pro
762 3558 827 3621 ibet
839 3558 995 3624 rationem
1011 3561 1138 3645 quidem
1151 3582 1280 3645 pravam
1292 3584 1370 3643 esse,
1383 3566 1430 3629 in·

481 3668 693 3742 terrogantem
709 3680 795 3737 vero,
806 3670 843 3722 ut
858 3659 1028 3744 contingit,
1040 3660 1158 3745 optime
1174 3674 1286 3724 contra
1300 3686 1430 3750 respon-

480 3759 605 3821 dentem
617 3757 795 3843 disputare:
820 3780 890 3820 narn
908 3772 1018 3822 contra
1035 3758 1190 3840 dyscolos,
1201 3783 1264 3824 non
1279 3764 1430 3849 possibile

480 3856 612 3919 fortasse
628 3856 745 3934 statim,
760 3857 871 3941 quales
886 3857 959 3942 quis
971 3858 1052 3932 vult,
1064 3858 1119 3921 sed
1136 3860 1247 3944 quales
1261 3862 1429 3948 contingit,

480 3958 582 4022 lacere
609 3956 819 4041 syllogismos.
870 3960 929 4023 Est
955 3970 1062 4023 autem
1087 3984 1207 4045 pravus
1233 3965 1345 4043 socius,
1371 3966 1428 4051 qui

479 4057 612 4143 impedit
633 4080 799 4122 commune
819 4082 910 4143 opus.
956 4060 1101 4136 Qualiter
1117 4086 1191 4127 vero
1213 4064 1355 4129 facienda
1370 4078 1428 4130 aut

481 4158 610 4224 vitanda
624 4159 664 4223 sit
687 4160 871 4223 alterutrius
885 4160 1071 4245 increpatio,
1087 4186 1127 4227 au
1150 4165 1273 4240 utilius,
1293 4187 1333 4228 an
1353 4166 1429 4230 sub-

480 4258 577 4338 tilius,
606 4275 638 4323 et
668 4259 807 4323 strictius
836 4260 961 4335 doceat,
987 4260 1143 4327 incertum
1171 4265 1280 4328 habeo.
1327 4268 1429 4331 Porro

481 4363 560 4423 bene
581 4360 804 4441 interrogantis
823 4382 905 4443 opus
928 4373 987 4435 est,
1010 4376 1046 4426 ut
1068 4363 1163 4428 faciat
1185 4366 1426 4450 respondentem
