3625 5317
478 778 518 841 74
733 789 870 835 Joruurs
886 788 1165 835 smssnnmnnsrs
1291 772 1375 853 [nm.
1390 788 1428 835 11.

475 952 560 1018 sunt,
576 940 617 1005 ab
637 938 744 1026 inopia
758 937 874 1026 judicii
896 937 1053 1019 scribunt,
1067 952 1100 1004 et
1121 939 1284 1006 referunt:
1308 962 1427 1028 propo-

473 1054 556 1108 nunt
580 1041 665 1108 enim
688 1042 806 1121 omnia,
832 1041 910 1130 quia
935 1042 1081 1108 nesciunt
1106 1042 1259 1130 preferre
1284 1043 1426 1110 meliora

476 1144 585 1209 Tanta
597 1157 645 1209 est
665 1145 863 1231 opinionum,
878 1143 1182 1232 oppositionumque
1196 1146 1372 1232 congeries,
1388 1160 1426 1212 ut

476 1246 530 1309 vix
546 1268 605 1309 suo
615 1255 690 1310 nota
704 1268 771 1311 esse
786 1246 886 1333 possit
901 1247 1036 1311 auctori.
1066 1246 1193 1313 Accidit
1208 1248 1267 1313 hoc
1279 1249 1430 1333 Didymo,

474 1368 540 1433 quo
561 1369 654 1411 nemo
674 1347 768 1431 plura
790 1346 926 1433 scripsit,
941 1360 979 1410 ut
998 1369 1101 1432 quum
1123 1347 1266 1413 historias
1287 1350 1427 1429 cuidam,

474 1462 624 1536 tanquam
646 1470 746 1529 vanae,
765 1460 971 1535 repugnaret,
994 1448 1096 1535 ipsius
1116 1448 1316 1535 proferretur
1334 1450 1428 1528 liber,

474 1550 531 1635 qui
545 1572 613 1615 eam
628 1550 820 1615 continebat.
851 1549 915 1615 Sed
930 1571 1016 1613 nunc
1027 1550 1148 1614 multos
1161 1550 1303 1615 invenies
1319 1550 1426 1637 Didy-

474 1672 553 1727 mos,
578 1672 714 1736 quorum
744 1650 842 1736 pleni,
867 1648 930 1714 imo
959 1650 1069 1715 referti
1094 1664 1169 1715 sunt
1195 1653 1427 1730 commentarii,

474 1751 660 1840 hujusmodi
683 1751 879 1838 Logicorum
901 1751 1146 1838 impedimentis.
1191 1755 1293 1817 Recte
1319 1766 1427 1817 autem

475 1855 627 1920 dicuntur
647 1853 872 1939 oppositiones,
887 1852 963 1939 qnia
983 1852 1169 1917 melioribus
1190 1853 1308 1919 studiis
1326 1876 1428 1941 oppo-

475 1970 612 2022 nuntur:
632 1955 759 2020 obstant
771 1955 855 2019 enim
866 1954 1037 2039 profectui.
1075 1954 1136 2020 Sed
1154 1976 1211 2019 nec
1224 1956 1429 2036 Aristotelea,

476 2079 572 2144 quem
591 2056 693 2121 solum
708 2055 851 2141 nugidici
872 2055 1077 2121 ventilatores
1098 2057 1152 2123 isti
1174 2057 1353 2144 dignantur
1372 2080 1427 2145 ag-

475 2179 613 2239 noscere,
632 2157 775 2236 auditur,
795 2156 904 2223 dieens
926 2159 1056 2245 quidem
1078 2159 1229 2239 fideliter,
1250 2160 1424 2246 eleganter,

475 2273 507 2325 et
533 2282 624 2325 vere:
652 2263 730 2347 quia
755 2260 890 2345 quolibet
912 2265 1074 2326 contrario
1095 2262 1296 2345 opinionibus
1318 2264 1427 2344 mose·

473 2371 570 2440 rente,
585 2364 748 2426 sollicitum
763 2385 827 2428 esse
838 2364 963 2428 stultum
978 2374 1031 2428 est.
1076 2364 1190 2431 Refert
1206 2363 1426 2443 Quintilianus

476 2463 685 2529 Timotheum
706 2466 878 2552 quendam,
893 2466 1014 2532 clarum
1034 2468 1069 2532 in
1089 2477 1158 2531 arte
1172 2466 1339 2544 tibiarum,
1355 2466 1427 2531 soli-

476 2576 546 2630 tum
574 2565 702 2651 exigere
730 2564 847 2653 duplas
876 2566 1037 2632 mercedes
1066 2565 1108 2631 ab
1137 2564 1199 2643 his,
1229 2588 1313 2652 quos
1342 2566 1427 2631 alius

474 2666 675 2745 instituisset,
688 2689 784 2755 quam
800 2668 826 2733 si
841 2668 1044 2734 traderentur
1059 2668 1156 2733 rudes
1170 2667 1309 2734 omnino.
1354 2668 1426 2733 Du·

472 2766 548 2856 plex
563 2769 645 2834 enirn
661 2769 752 2835 labor
770 2783 831 2849 est,
846 2770 928 2836 alter
941 2770 974 2835 in
989 2769 1126 2836 eluenda
1140 2769 1256 2835 vitiosa
1269 2770 1427 2850 doctrina,

475 2893 571 2958 quam
593 2883 819 2959 perceperant3
842 2870 924 2936 alter
947 2884 985 2937 ut
1005 2892 1091 2950 vcra,
1113 2884 1146 2936 et
1167 2883 1266 2944 recta,
1288 2870 1428 2935 fideliter

473 2972 668 3040 imbuantur.
713 2973 769 3037 Ad
792 2970 871 3049 haec,
895 2970 952 3058 qui
969 2972 1037 3059 jam
1059 2969 1190 3036 artificis
1211 2992 1326 3036 nomen
1349 2994 1426 3035 ven·

473 3075 571 3155 dicat,
588 3098 649 3141 non
669 3088 774 3163 potest
795 3074 911 3140 leviter
930 3072 1103 3154 humiliari,
1118 3086 1156 3138 ut
1169 3072 1211 3137 ad
1232 3074 1353 3138 minora
1367 3073 1425 3137 de-

475 3176 623 3240 scendat:
648 3175 714 3239 siue
730 3173 848 3261 quibus
864 3189 969 3240 tamen
984 3175 1137 3260 proficere
1151 3174 1275 3261 nequit.
1313 3173 1427 3241 Timo·

473 3276 565 3341 thena
579 3275 691 3359 ntique
706 3272 861 3359 sapiebat,
877 3274 954 3359 quia

577 3383 636 3447 Quo
648 3379 728 3435 semel
739 3386 780 3433 est
791 3380 891 3435 imbuta
902 3398 1001 3449 recma,
1013 3386 1128 3439 amabit
1140 3385 1244 3440 dorem

577 3466 661 3521 Testa
671 3466 730 3519 din:

474 3568 521 3631 Et
536 3564 680 3653 quiaque,
697 3563 745 3631 sui
755 3562 839 3649 juris
853 3563 996 3641 effectus,

926 3676 1006 3728 currit
1015 3676 1049 3727 ad
1060 3674 1143 3742 illam,

574 3762 660 3826 Qut¹¹¹
670 3760 781 3832 primum
792 3763 868 3831 rupto
878 3758 993 3829 predam
1003 3764 1156 3829 gustaverat
1167 3778 1223 3815 oro.

528 3982 607 4066 Cap.
627 3985 657 4045 8.
690 3980 781 4056 Quod
799 4000 850 4044 eos
872 3980 1054 4045 Aristoteles
1075 3992 1312 4066 compescuerat,
1334 3983 1364 4047 ai

739 4163 740 4167 Ἰ
856 4083 1029 4147 audiretur.

511 4220 604 4285 Usus
630 4227 735 4281 tamen
762 4213 879 4301 aliquis
904 4214 1066 4280 interdum
1093 4230 1140 4284 est
1170 4218 1203 4283 in
1228 4218 1314 4284 malo
1339 4218 1422 4283 isto:

469 4321 598 4400 scilicet,
610 4318 699 4406 quod
714 4317 771 4404 qui
786 4316 906 4382 talibus
921 4331 1116 4397 assuescunt,
1133 4320 1159 4385 si
1175 4334 1280 4386 tamen
1298 4320 1423 4386 modes·

468 4425 513 4491 tio
541 4424 761 4501 instituantur,
791 4420 962 4485 verborum
992 4420 1113 4507 copiam
1146 4437 1341 4510 praeparant,
1368 4446 1425 4487 vo·
