3625 5317
793 748 898 792 INDEX
913 748 1071 792 CAPITUM.

754 966 874 1019 LIBER
892 964 1109 1019 SECUNDUS.

477 1066 500 1119 1.
519 1067 606 1130 Quot>
617 1066 710 1135 logice,
723 1086 755 1122 eo
767 1069 834 1139 quod
846 1087 935 1122 verum
946 1070 1047 1138 quaerit,
1059 1068 1093 1121 ad
1104 1072 1187 1121 totam
1197 1065 1307 1139 preficit
1315 1063 1404 1117 Philo-

562 1150 685 1222 sophiam.

476 1235 500 1286 2.
520 1236 562 1288 De
574 1242 646 1288 secta
659 1237 898 1309 Peripateticorum,
911 1243 939 1289 et
949 1243 1007 1290 ortu
1017 1236 1125 1305 logices,
1137 1241 1165 1289 et
1176 1237 1234 1308 ejus
1245 1240 1359 1287 auctore.

475 1322 501 1374 3.
518 1322 596 1385 Quod
607 1322 691 1391 logica
701 1321 941 1396 philosophantibus
950 1321 1115 1395 praelegenda
1124 1328 1173 1386 est,
1180 1328 1207 1374 et
1216 1321 1250 1374 de
1261 1319 1408 1372 differentia

561 1407 776 1473 demonstrativis,
788 1410 904 1478 itemque
916 1408 1067 1480 probabilis,
1079 1409 1193 1476 Logicte,
1205 1413 1233 1459 et
1244 1404 1405 1478 Sophissee.

473 1493 499 1545 4.
518 1494 591 1557 Quid
603 1494 758 1559 Dialectici,
771 1502 797 1547 et
809 1496 878 1548 unde
890 1495 1007 1547 dicetur?

474 1579 499 1632 ⁶.
518 1581 561 1633 De
573 1582 689 1652 partibus
702 1581 862 1646 Dialectiore,
874 1588 901 1635 et
912 1580 966 1634 fine
978 1582 1141 1648 Logicorum.

473 1666 499 1719 6.
519 1666 598 1729 Quod
609 1684 699 1721 omnes
710 1668 834 1735 Logieam
845 1672 979 1739 appetunt,
992 1666 1040 1719 sed
1050 1683 1103 1718 non
1113 1681 1204 1717 omnes
1215 1666 1393 1732 assequuntur.

473 1754 499 1811 l·
518 1753 595 1817 Quod
606 1753 759 1823 nugiloquos
770 1753 937 1807 ventilatores
948 1753 1066 1807 dedoceri
1078 1757 1188 1824 oportet,
1199 1756 1229 1803 ut
1239 1751 1332 1803 uiant.

472 1836 498 1891 8.
517 1840 594 1901 Quod
608 1857 652 1893 eos
665 1838 821 1891 Aristoteles
832 1844 1030 1909 compescuerat,
1043 1839 1066 1889 si
1078 1837 1218 1890 audiretur.

471 1924 497 1977 9.
517 1926 595 1987 Quod
606 1924 732 1977 inefficax
745 1930 785 1977 est
797 1924 976 1976 Dialecticasi
991 1923 1100 1976 aliarum
1115 1921 1306 1994 disciplinarum
1322 1919 1401 1972 desti·

559 2015 648 2063 tuatur
658 2009 765 2062 auxilio.

456 2097 497 2150 10.
516 2096 633 2159 Quorum
645 2097 797 2149 auctoritate
809 2095 990 2165 praecedentia,
1002 2101 1030 2148 et
1041 2096 1176 2164 sequentia
1187 2100 1313 2148 constent.

456 2183 497 2235 11.
515 2182 588 2245 Quid
599 2180 654 2234 sola
668 2180 812 2235 Dialectica
823 2182 912 2253 possit.

454 2268 496 2320 12.
515 2267 548 2318 ln
560 2267 652 2335 quibus
664 2270 765 2317 constet
776 2266 927 2318 exercitium
939 2267 1005 2337 ejus,
1015 2271 1042 2318 et
1053 2284 1104 2334 quo
1114 2270 1203 2319 utatur
1213 2266 1402 2319 instrumento?

455 2353 495 2406 13.
514 2352 627 2415 Quantae
639 2350 760 2404 utilitatis
772 2353 807 2403 sit
817 2352 926 2404 scientia
938 2350 1120 2424 probabilium:
1143 2356 1172 2404 et
1182 2369 1240 2421 quae
1251 2351 1403 2423 simpliciter

556 2438 703 2491 necessaria
713 2454 765 2489 non
776 2434 851 2489 secile
863 2437 1038 2490 inuocesoaut.

453 2520 495 2574 14.
514 2520 584 2573 Item
596 2521 629 2574 de
642 2520 741 2573 eodem.

453 2606 495 2660 15.
514 2608 581 2669 Quae
592 2606 732 2678 propositio
743 2608 777 2658 sit
790 2605 938 2658 dialectica:
957 2607 1018 2685 qpid
1029 2606 1179 2678 problema?

453 2692 494 2745 16.
513 2692 592 2754 Quod
604 2708 692 2743 omnes
704 2691 749 2743 alii
760 2688 916 2763 professores
926 2691 1003 2763 hujus
1015 2692 1153 2745 Axistoteli
1164 2693 1268 2747 cedunt.

452 2777 494 2835 17.
513 2778 600 2841 Quam
617 2778 759 2849 perniciose
779 2778 910 2842 doceatur,
931 2783 958 2830 et
976 2795 1034 2846 quae
1051 2777 1146 2831 suerint
1163 2780 1198 2833 de
1215 2783 1355 2847 generibus
1372 2790 1400 2836 et

555 2864 689 2937 speciebus
701 2865 836 2936 opiniones
847 2864 1037 2917 modernorum.

452 2950 493 3004 18.
512 2950 590 3014 Quod
602 2950 764 3021 posteriores,
776 2966 877 3021 semper
888 2950 1002 3021 priorum
1013 2952 1146 3023 opiniones
1156 2953 1303 3007 immutant

452 3035 493 3088 19.
512 3035 545 3088 In
557 3053 608 3105 quo
618 3052 670 3087 nou
681 3035 715 3086 sit
727 3034 885 3105 parcendum
897 3035 1043 3088 doctoribus
1053 3035 1210 3107 hujusmodi.

450 3120 493 3172 20.
512 3119 650 3172 Sententia
673 3117 825 3169 Aristotelis
852 3118 885 3169 de
912 3120 1053 3185 generibus
1076 3125 1104 3171 et
1126 3122 1270 3191 speciebus,
1293 3124 1397 3176 chaum

553 3199 651 3253 vallata
667 3200 811 3253 rationibus
828 3200 926 3264 multis,
944 3208 972 3253 et
988 3200 1127 3254 multarum
1148 3205 1296 3259 oestimouio
1319 3208 1397 3280 scrip·

554 3292 677 3337 turarum.

763 3527 881 3580 LIBER
899 3527 1081 3581 TERTIUS.

467 3629 492 3681 l.
511 3628 657 3691 Quonono
670 3625 838 3699 Porphyrium
850 3627 905 3694 legi
917 3633 1043 3699 oporteat,
1055 3633 1082 3681 et
1092 3629 1158 3683 elios
1169 3638 1305 3687 auctores?

467 3714 491 3766 2.
510 3713 554 3765 De
567 3710 766 3779 categoriarum
777 3711 900 3776 utilitate,
914 3717 942 3764 et
952 3713 1139 3767 instrumentis.

465 3796 491 3849 3.
510 3796 578 3859 Quae
595 3796 630 3847 sit
646 3796 902 3867 praedicamentorum
920 3796 1060 3866 conceptio,
1072 3803 1100 3850 et
1115 3800 1209 3866 quibus
1225 3808 1346 3858 contenta
1362 3808 1398 3860 sit

553 3881 679 3934 sobrietas
690 3880 945 3953 philosophantium?

465 3968 490 4019 4.
510 3967 577 4029 Quae
597 3966 633 4018 sit
654 3964 796 4038 Conceptio
818 3971 846 4018 et
865 3963 965 4017 utilitas
987 3964 1220 4023 Periermeniarum
1241 3970 1281 4024 vel
1302 3976 1398 4029 rectius

554 4051 763 4103 Periermenias?

465 4137 491 4191 5.
511 4136 544 4189 ln
556 4135 649 4205 quibus
661 4125 785 4189 consistet
796 4154 886 4208 corpus
897 4137 973 4189 artis:
992 4142 1020 4189 et
1032 4136 1065 4189 de
1077 4138 1232 4211 Topicorum
1243 4144 1367 4200 utilitate.

462 4224 487 4275 6.
506 4224 549 4277 De
560 4220 675 4275 utilitate
687 4226 715 4273 et
725 4224 891 4293 conceptione
904 4222 980 4275 trium
990 4220 1113 4277 librorum
1123 4226 1151 4278 in
1163 4228 1278 4300 Topicis.

463 4312 485 4365 'l-
507 4308 600 4361 Brevis
612 4306 678 4357 ratio
690 4306 774 4373 quarti
787 4314 813 4358 et
826 4305 917 4375 quinti.
