3625 5317
684 789 759 836 vrrs
774 789 891 837 ssuorr
906 790 1062 837 sussum.
1281 781 1346 839 819

393 965 492 1029 quum
518 963 677 1029 nusquam
707 941 869 1025 potuerint
896 944 1047 1022 invenire,
1071 965 1199 1029 semper
1229 948 1346 1010 mansit

391 1049 558 1112 incertum.
585 1045 764 1129 Reparatur
776 1045 810 1107 iu
825 1046 896 1109 aliis
911 1046 1048 1122 tabulis3
1068 1047 1128 1111 sed
1141 1069 1241 1132 quum
1255 1060 1343 1132 post·

392 1149 524 1212 modum
538 1149 741 1229 exigerentur
754 1166 774 1209 a
795 1145 1002 1230 depositorio,
1015 1148 1049 1210 iu
1070 1149 1254 1233 pavimento
1267 1159 1344 1214 ante

391 1253 501 1314 locum
530 1246 710 1331 repositorii
734 1257 867 1330 reperta
893 1260 970 1310 sunt
994 1269 1070 1311 cera
1093 1251 1204 1313 avulsa
1228 1251 1343 1315 frusta·

391 1351 514 1433 timque
528 1349 698 1431 discerpta.
743 1348 824 1419 Quis
845 1359 950 1412 sutem
964 1349 1027 1411 boo
1048 1351 1252 1430 commiserit,
1265 1353 1343 1417 bao-

390 1463 486 1515 tenus
494 1451 671 1531 ignoratum
687 1449 761 1527 nisi,
772 1448 859 1532 quod
871 1449 1025 1512 credibile
1036 1450 1208 1526 esthostis
1216 1453 1343 1536 antiqui
1380 1521 1388 1534 ‚

389 1553 480 1615 liror.
524 1551 636 1614 Tertio
658 1550 766 1633 itaque
785 1561 978 1634 conceptum
997 1559 1047 1614 ast
1064 1549 1098 1612 in
1118 1551 1256 1626 abartis3
1277 1554 1339 1616 sic-

392 1673 456 1737 que
469 1652 651 1735 permansit.

434 1752 534 1815 Gravi
549 1751 669 1816 deinde
689 1751 872 1816 infirmitate
890 1752 1078 1834 oonipitur3
1099 1753 1133 1815 iu
1154 1773 1219 1837 qua
1231 1765 1341 1838 raptus

389 1855 424 1917 in
445 1854 565 1938 Spiritu
588 1853 722 1916 flurium
743 1853 943 1937 proecipitem
966 1852 1045 1917 vidit
1062 1865 1095 1918 et
1113 1875 1281 1936 magnum3
1307 1859 1341 1920 iu

389 1974 486 2038 quem
511 1973 615 2018 rerum
638 1954 781 2017 omnium
806 1962 1000 2036 prugaturm,
1025 1951 1194 2017 sorderet
1219 1957 1342 2037 quasvis

389 2055 601 2120 immunditias
627 2055 821 2118 defluebant
859 2053 1024 2137 Rapiebat
1047 2073 1177 2138 quoque
1201 2077 1341 2135 omnem,

390 2177 487 2239 quam
507 2156 693 2236 contingere
712 2167 850 2236 poterat,
861 2149 1097 2237 'supellectilem
1118 2155 1241 2230 mundi,
1255 2158 1341 2221 viros

390 2269 424 2322 et
434 2257 593 2333 mulieres,
602 2275 694 2318 senas
702 2265 736 2318 et
740 2255 888 2340 juvenes,
898 2273 1057 2338 pauperes
1067 2265 1100 2318 at
1110 2254 1227 2320 divites
1235 2258 1339 2321 simul.

391 2360 498 2431 Quum
510 2377 584 2421 vero
595 2367 828 2438 compateretur
837 2355 900 2432 his,
911 2375 993 2439 quos
1001 2355 1119 2419 talibus
1127 2359 1341 2441 spurcitiisoi·

389 2458 515 2522 bandus
523 2457 746 2542 potandosque
755 2479 774 2522 a
783 2456 918 2522 duotore
926 2455 1085 2534 audierat;
1099 2457 1119 2490 “
1127 2457 1179 2522 Ns
1190 2459 1341 2537 mireris,”

389 2559 504 2643 inquit,
515 2559 534 2594 “
545 2560 620 2643 quis
630 2559 683 2622 hio
695 2569 818 2622 torrens
830 2558 970 2622 mundus
981 2570 1041 2636 est,
1050 2559 1105 2641 qui
1116 2561 1341 2623 sacularesin-

389 2659 514 2721 volvit.”
538 2649 801 2741 Adjecitquoque
811 2656 940 2720 ductor:
952 2658 973 2689 ‘⁴
980 2657 1079 2718 Visus
1088 2657 1203 2734 videre,
1212 2657 1289 2740 quid
1299 2660 1342 2723 sit

390 2779 482 2824 rarus
490 2759 668 2822 monachus
679 2755 710 2818 ?''
738 2755 904 2818 Valentem
916 2775 992 2835 ergo
1003 2756 1099 2818 duxit
1108 2756 1143 2818 iu
1157 2757 1341 2837 claustrum,

389 2859 484 2942 cujus
498 2859 634 2941 parietes
648 2854 782 2918 obducti
797 2866 886 2918 eraut
902 2866 1034 2934 argento
1054 2853 1243 2936 purissimo;
1267 2877 1339 2938 pra·

386 2972 455 3024 tum
483 2977 611 3041 quoque
633 2966 819 3038 argenteum
842 2957 1017 3019 virentibus
1039 2956 1147 3020 herbis
1168 2957 1256 3020 miroe
1277 2959 1340 3022 fra·

386 3059 520 3143 mannae
535 3059 735 3122 vestiebatur.
765 3057 811 3119 Et
823 3056 900 3119 licet
914 3057 1008 3118 flexae
1016 3057 1228 3139 pausantibus
1236 3059 1340 3121 molli·

387 3171 436 3224 tur
450 3159 615 3235 cedersut3
638 3156 841 3239 surgentibus
855 3155 947 3219 illisas
961 3157 1163 3240 erigebantur
1176 3169 1210 3222 et
1219 3158 1338 3223 herbas.

387 3263 495 3333 Quum
508 3261 595 3322 illius
610 3257 775 3322 babitandi
791 3256 950 3319 desiderio
970 3269 1136 3343 caperetur
1149 3258 1338 3336 Anselmns3

387 3361 408 3392 “
419 3357 511 3442 Eja,''
525 3359 632 3442 inquit
651 3357 777 3429 ductor,
791 3358 812 3390 “
823 3357 870 3418 vis
887 3355 992 3420 ridere
1014 3357 1093 3441 quid
1107 3360 1150 3422 rit
1170 3381 1244 3423 vara
1256 3361 1339 3443 pati·

388 3461 473 3524 eutis
481 3459 511 3522 l”
527 3459 624 3533 Quod
636 3480 735 3541 quum
745 3459 798 3521 ille
809 3458 966 3522 immenso
978 3457 1139 3523 desiderio
1148 3462 1338 3542 postularet;

388 3562 544 3645 disparuit
558 3561 681 3639 ductor,
695 3573 727 3623 et
741 3560 914 3624 Anselmus
934 3561 967 3622 io
982 3581 1017 3622 se
1031 3579 1176 3622 resersus
1190 3571 1249 3623 ast.
1292 3563 1338 3624 Et

387 3662 516 3746 quidem
539 3663 707 3746 probabile
729 3673 779 3726 ast
799 3683 871 3725 som
894 3660 999 3724 taliter
1020 3659 1220 3735 restitutum
1248 3673 1284 3723 ut
1304 3662 1338 3724 in

384 3762 656 3838 tribulationibus,
671 3785 750 3847 quas
766 3773 834 3827 arat
847 3781 1001 3846 passurus
1016 3781 1076 3843 pro
1092 3757 1243 3840 Domino,
1258 3763 1338 3845 quid

385 3867 428 3929 sit
442 3885 516 3926 vera
529 3865 683 3946 patientia
697 3864 931 3948 comprobarat.
976 3861 1061 3926 Nam
1078 3864 1198 3927 exinde
1212 3885 1339 3948 semper

385 3964 488 4046 magis
512 3985 549 4026 ac
573 3965 675 4043 magis
698 3965 853 4028 mundum
879 3985 952 4028 curu
979 3963 1248 4027 oblectationibus
1270 3967 1338 4027 auis

384 4061 556 4138 exhorruit,
572 4071 604 4124 et
620 4082 725 4122 verum
742 4061 969 4124 monachatum
984 4061 1161 4125 studiosius
1175 4073 1208 4123 et
1222 4060 1337 4124 ardan-

384 4161 446 4226 tius
462 4163 664 4246 amplexatus
680 4173 740 4226 ast.
783 4161 876 4224 Unde
892 4161 932 4225 ad
949 4184 1021 4225 eum
1036 4161 1178 4245 undique
1194 4162 1337 4225 velutad

384 4265 544 4347 quendam
568 4264 730 4346 religionis
753 4263 872 4326 sontem
896 4265 991 4326 etiam
1017 4263 1058 4326 de
1081 4261 1211 4325 remotis
1235 4263 1337 4342 regio·

382 4365 478 4428 nibus
493 4365 636 4449 undique
659 4363 879 4438 confluebant,
894 4363 1090 4426 consortium
1113 4373 1168 4425 aut
1181 4361 1336 4426 auxilium
