3625 5317
448 825 458 845 .
486 786 526 847 aa
757 798 893 843 rosanus
907 793 1187 841 saansaanrsnsrs
1321 772 1405 853 [am.
1420 793 1445 837 1.

640 1127 721 1213 Cap.
742 1128 790 1187 1³.
818 1122 912 1189 Unde
926 1124 1057 1187 dicutur
1072 1122 1305 1189 Grammatico.

536 1276 668 1339 Hennes
691 1285 797 1337 autem
828 1272 973 1335 omnium
995 1269 1100 1357 prima
1128 1281 1177 1333 est
1198 1268 1320 1352 logioa3
1342 1266 1384 1330 ab
1405 1288 1444 1330 ea

494 1388 598 1440 tamen
616 1374 664 1439 sui
680 1385 782 1459 parte,
792 1394 866 1461 quae
881 1372 914 1436 in
929 1370 1034 1458 prima
1048 1392 1228 1435 sermonum
1243 1368 1444 1434 institutione

492 1488 654 1540 versatur:
680 1487 717 1539 ut
740 1496 852 1539 nomen
876 1472 1004 1557 logices,
1031 1472 1113 1535 sicut
1138 1472 1206 1556 jam
1236 1470 1360 1535 dietum
1382 1480 1443 1544 est,

492 1597 587 1661 quam
619 1574 771 1639 latissime
793 1586 914 1663 pateat,
944 1586 977 1637 et
998 1594 1061 1636 non
1093 1572 1187 1636 modo
1208 1571 1250 1635 ad
1272 1570 1445 1635 disserendi

490 1677 651 1741 scientiam
667 1672 886 1741 contrahatur.
932 1673 993 1737 Est
1009 1672 1092 1735 enim
1104 1671 1333 1747 Grammatica,
1345 1674 1443 1736 scien·

490 1778 534 1843 tia
563 1776 648 1844 recte
670 1778 835 1865 loquendi,
866 1774 1099 1860 scribendique,
1121 1786 1153 1839 et
1181 1773 1273 1859 origo
1300 1774 1443 1839 omnium

487 1880 668 1946 liberalium
689 1880 938 1965 disciplinarum.
983 1876 1107 1942 Eadem
1130 1896 1260 1962 quoque
1274 1889 1322 1941 est
1344 1877 1443 1941 totius

489 1980 699 2067 philosophiae
721 1978 931 2054 cunabulum,
961 1990 993 2043 et
1018 1982 1066 2059 (ut
1095 1978 1142 2043 ita
1162 1977 1313 2061 dixerim)
1343 1978 1443 2043 totius

490 2080 655 2145 literatorii
669 2079 767 2145 studii
775 2080 870 2145 ultrix
881 2079 998 2164 prima:
1015 2104 1089 2167 quoe
1097 2079 1239 2144 omnium
1248 2080 1443 2145 nascentium

490 2180 530 2245 de
547 2180 617 2245 sinu
628 2194 751 2246 naturae
760 2180 1004 2245 teneritudinem
1011 2181 1142 2267 excipit,
1154 2180 1441 2261 nutritinfantiam,

490 2282 648 2369 cujusque
662 2280 783 2366 gradus
804 2282 999 2346 incrementa
1012 2282 1045 2346 in
1068 2280 1270 2368 philosophia
1287 2282 1443 2367 provehit,

492 2392 523 2445 et
541 2377 711 2442 sedulitate
726 2391 879 2457 materna,
893 2400 1018 2441 omnem
1030 2378 1284 2466 philosophantis
1293 2379 1441 2465 producit

493 2494 523 2544 et
551 2478 692 2543 custodit
718 2491 864 2543 aetatem:
896 2478 983 2542 unde
1004 2478 1166 2565 oprimis,
1188 2492 1253 2543 tam
1284 2479 1441 2545 scribendi

491 2603 588 2667 quam
619 2578 770 2663 loquendi
796 2579 973 2665 principiis,
1002 2581 1212 2667 grammatica
1247 2580 1440 2667 appellatur,

491 2680 708 2746 Grammatico
724 2683 818 2756 enim,
835 2680 927 2745 litera
942 2681 992 2745 vel
1002 2681 1151 2759 lineaest,
1166 2696 1199 2747 et
1213 2682 1287 2747 inde
1298 2683 1441 2763 literalis,

490 2807 528 2848 eo
542 2784 631 2871 quod
647 2783 754 2848 literas
769 2782 881 2848 doceat
894 2809 903 2856 ς
927 2806 994 2869 quo
1008 2783 1144 2858 nornine,
1166 2798 1230 2847 tam
1247 2784 1438 2871 simplicium

490 2906 602 2950 vocum
620 2884 744 2970 ligurae,
756 2906 854 2971 quam
866 2882 1032 2960 elementa,
1042 2885 1075 2949 id
1091 2894 1150 2962 est,
1162 2904 1255 2949 voces
1263 2886 1439 2971 figurarum

486 2988 731 3074 intelliguntur:
757 2998 814 3051 aut
829 2985 924 3050 etiam
938 2985 1065 3051 linearis
1079 2999 1138 3063 est,
1153 3009 1192 3050 eo
1205 2987 1294 3073 quod
1310 2988 1392 3055 sicut
1406 2991 1439 3053 in

486 3088 719 3175 magnitudinis
733 3086 938 3164 incremento,
948 3086 1105 3154 dimensio
1119 3088 1211 3153 lineae
1220 3089 1440 3174 primaoccur-

485 3190 541 3267 rit,
556 3202 588 3252 et
611 3188 703 3271 quasi
721 3184 869 3271 quaedam
893 3191 1025 3254 materia
1040 3204 1087 3255 est
1110 3190 1287 3277 superficiei
1301 3204 1359 3257 aut
1373 3214 1440 3257 cor·

486 3290 589 3374 poris:
616 3292 660 3351 sie
681 3286 895 3372 aspirantibus
915 3288 956 3353 ad
978 3291 1157 3375 profectum
1183 3293 1359 3379 sapientiae,
1377 3295 1441 3359 dia-

486 3388 604 3474 ciplina
619 3388 688 3453 haec
703 3387 806 3473 prima
823 3387 992 3473 succurrit,
1007 3414 1081 3478 quae
1096 3393 1237 3481 linguam
1253 3396 1382 3470 erudit;
1406 3411 1439 3462 et

486 3505 550 3557 tam
565 3514 622 3578 per
634 3513 737 3567 aures,
749 3512 846 3576 quam
859 3512 916 3575 per
927 3492 1045 3572 oculos,
1054 3508 1092 3560 ut
1107 3495 1151 3559 sic
1161 3496 1312 3582 procedat
1324 3498 1438 3574 oratio,

486 3592 673 3679 sapientiam
695 3590 893 3657 introducit:
918 3594 1016 3658 verbu
1036 3594 1119 3659 enim
1144 3618 1202 3683 per
1216 3618 1325 3661 aurem
1340 3598 1441 3663 intro·

485 3696 591 3771 missa,
622 3694 754 3782 pulsant
775 3706 807 3757 et
831 3694 974 3760 excitant
996 3695 1203 3776 intellectum,
1234 3698 1292 3784 qui
1323 3699 1372 3777 (ut
1394 3700 1438 3764 ait

486 3796 699 3881 Augustinus)
716 3794 865 3881 quoedam
880 3795 994 3861 animoe
1008 3818 1120 3861 manus
1135 3815 1193 3876 est,
1206 3820 1312 3863 rerum
1324 3822 1439 3886 capax,

483 3912 516 3962 et
536 3895 753 3982 perceptibilia
773 3896 983 3985 objectorum.
1028 3899 1145 3964 Literoe
1166 3915 1286 3981 autem,
1313 3902 1348 3965 id
1378 3917 1437 3978 est,

484 4000 610 4083 figura,
626 3998 728 4084 primo
738 4020 852 4063 vocum
864 3997 982 4064 indices
998 4014 1085 4080 sunt,
1097 4002 1213 4066 deinde
1227 4025 1346 4081 rerum,
1357 4027 1438 4090 quas

481 4101 596 4165 animae
605 4122 661 4185 per
671 4100 836 4166 oculorum
852 4101 1007 4168 fenestras
1018 4117 1197 4188 opponunt,
1207 4118 1240 4169 et
1251 4104 1436 4191 frequenter

480 4204 661 4269 absentium
683 4201 781 4279 dicta,
801 4202 867 4267 sine
890 4225 966 4267 voce
987 4200 1177 4287 loquuntur.
1222 4205 1337 4271 Tradit
1358 4229 1435 4291 ergo

478 4306 581 4391 primu
592 4304 746 4368 elementa
757 4304 909 4369 sermonis
917 4325 969 4367 ars
985 4301 1057 4380 ista,
1073 4304 1238 4370 oculorum
1254 4318 1287 4370 et
1302 4308 1430 4372 aurium

475 4405 634 4489 judicium
650 4402 789 4483 instruit,
808 4417 845 4469 ut
866 4424 929 4467 non
950 4400 1053 4465 facilis
1071 4417 1169 4487 queat
1184 4403 1300 4491 aliquis
1315 4420 1433 4492 praeter
