3625 5317
681 791 757 838 tum·
774 792 891 838 susem
907 793 1065 840 nussam.
1287 783 1354 841 sto

398 950 482 1008 sunt.
518 940 617 1026 Regis
632 956 739 1007 autem
755 941 934 1028 indignatio
948 941 980 1006 iu
998 963 1116 1007 annum
1133 953 1167 1007 et
1182 941 1353 1007 dimidium

398 1053 557 1128 protracta
572 1053 630 1108 est.

444 1143 656 1229 Exigentibus
677 1145 813 1230 negotiis
834 1144 1025 1232 quibusdam
1052 1144 1284 1222 ecclesiasticis,
1305 1144 1355 1208 vir

398 1244 464 1308 Dei
483 1245 516 1309 in
541 1245 708 1310 Franciam
725 1247 866 1328 veniens,
881 1268 901 1310 a
915 1268 992 1331 rege
1014 1246 1156 1311 ilenrico
1176 1260 1304 1331 rogatus
1318 1247 1353 1309 in

400 1346 630 1413 Normanniam
646 1348 805 1433 progredi,
821 1368 929 1412 rerum
949 1369 1077 1412 suarum
1097 1348 1227 1414 taudem
1244 1369 1356 1433 aregc

399 1447 619 1516 investituram
635 1451 768 1537 accepit.
801 1453 893 1535 Rege
909 1461 1018 1514 autem
1034 1448 1067 1512 in
1085 1449 1237 1533 Angliam
1252 1460 1356 1514 traus-

398 1561 506 1628 eunte,
522 1562 594 1637 post
614 1573 717 1638 pauca
733 1551 911 1616 Willelmus
933 1550 988 1616 ille
1009 1551 1065 1638 qui
1085 1573 1195 1635 regum
1216 1550 1354 1615 nuncius

397 1651 670 1738 archiepiscopum
692 1653 808 1718 totiens
829 1651 1027 1736 fatigaverat,
1046 1651 1186 1716 Beccum
1208 1673 1355 1716 reversus

398 1764 458 1834 ast,
486 1777 600 1838 rogans
629 1776 669 1818 ex
698 1766 788 1842 parte
817 1754 901 1838 regis
930 1755 1094 1832 attentius,
1124 1765 1160 1818 ut
1189 1753 1353 1818 retroactis

399 1856 537 1942 querelis
551 1855 682 1920 omnino
698 1855 807 1943 sopitis
824 1855 976 1940 Angliam
992 1873 1088 1942 ocyus
1102 1855 1252 1922 risitaret.
1298 1855 1353 1920 De

398 1957 545 2024 libertate
574 1958 806 2044 ecclesiarum,
821 1981 900 2046 quas
930 1957 993 2023 Dei
1024 1957 1196 2023 clementia
1223 1957 1352 2043 regibus

394 2060 463 2144 jam
486 2073 677 2140 excusserat,
700 2061 828 2128 laetatur
849 2061 1033 2146 episcopum
1060 2071 1095 2124 et
1115 2059 1178 2124 iter
1198 2059 1353 2145 arripiens

400 2161 606 2228 Gematicum
635 2163 741 2241 vanit3
779 2163 836 2228 ubi
865 2183 907 2226 ue
936 2161 1190 2247 progrederetur,
1220 2161 1353 2226 adversa

401 2263 582 2329 valetudine
595 2265 790 2352 praepeditus
801 2279 860 2344 est,
872 2276 905 2329 et
916 2265 983 2328 fere
998 2265 1031 2328 in
1043 2276 1186 2330 extrema
1196 2264 1353 2329 deductus

399 2387 439 2430 ex
454 2366 581 2432 defectu
602 2367 794 2433 naturalium
811 2367 963 2432 virtutum
985 2366 1086 2432 socios
1107 2389 1219 2432 omnes
1239 2365 1354 2452 despe-

398 2468 479 2532 ratio
505 2469 621 2548 teunit3
649 2482 682 2536 et
703 2492 788 2536 mors
810 2470 873 2536 cita
895 2493 933 2536 ac
954 2481 1042 2535 certa
1062 2469 1230 2535 ridebatur
1250 2481 1355 2535 astare

397 2569 619 2654 praeforibus.
673 2573 760 2638 luter
788 2571 859 2638 haec
888 2571 1079 2637 sollicitatur
1106 2583 1206 2656 pater,
1237 2584 1273 2636 ut
1302 2570 1352 2636 rel

397 2671 534 2737 filiorum
556 2697 664 2740 amore
687 2688 810 2740 naturae
832 2675 896 2738 rim
922 2674 1028 2749 faciat,
1050 2672 1109 2736 sibi
1135 2673 1274 2760 patiatur
1293 2673 1352 2736 ali-

396 2785 578 2840 mentorum
605 2775 726 2860 aliquid
748 2773 938 2851 ministrari3
965 2771 1075 2837 atille
1097 2793 1131 2836 se
1153 2773 1283 2836 omniuo
1305 2771 1351 2836 nil

396 2885 560 2962 appetere,
585 2875 643 2938 sed
669 2897 729 2940 nec
755 2897 845 2962 posse
871 2874 1003 2962 quidem
1026 2873 1131 2939 serbis
1155 2873 1350 2938 cessantibus

396 2977 513 3043 anhelo
533 2976 644 3064 spiritu
668 2977 836 3044 fatebatur.
885 2977 1039 3062 Undique
1060 2975 1253 3041 conveniunt
1267 2975 1351 3061 epis·

397 3079 468 3165 copi
483 3091 517 3144 et
531 3079 678 3158 abbatem
700 3091 736 3144 ut
751 3079 870 3168 possint
886 3079 971 3144 illius
992 3078 1079 3144 beati
1101 3078 1229 3164 spiritus
1248 3090 1350 3142 traus-

396 3181 479 3246 itum
505 3183 686 3268 explorare;
718 3193 753 3247 et
773 3181 814 3247 ad
840 3181 981 3246 coelestia
1005 3180 1197 3265 migrantem
1220 3179 1352 3266 psalmis

397 3294 631 3369 prosequantur
645 3296 678 3348 et
692 3283 828 3370 hymnis.
875 3284 1017 3359 Quidam
1029 3303 1135 3348 autem
1152 3281 1348 3360 familiarius,

396 3395 434 3450 ut
449 3405 531 3448 unus
546 3385 739 3449 servientum
756 3386 938 3451 monasterii
956 3408 1015 3472 per
1028 3385 1140 3450 silvam
1155 3385 1303 3470 gradiens
1317 3395 1350 3448 et

396 3485 471 3552 huic
498 3485 544 3550 rei
571 3484 649 3549 nihil
676 3486 829 3564 intentus,
857 3486 1024 3551 bestiolam
1055 3507 1151 3571 quam
1177 3497 1348 3572 martyram

396 3599 521 3669 vocant,
540 3587 665 3652 videret
684 3586 846 3672 perdicem
869 3587 903 3651 iu
926 3609 981 3652 ore
1003 3587 1220 3663 deferentem
1242 3599 1276 3650 et
1294 3607 1350 3648 er·

397 3687 537 3754 clamans
564 3688 708 3755 bestioloe
734 3688 870 3775 fugienti
895 3688 1056 3774 perdicem
1082 3687 1228 3754 excussit.
1274 3688 1349 3762 Qua

395 3791 492 3857 allata
520 3792 660 3875 gustavit
690 3815 786 3877 aeger,
812 3803 846 3857 et
871 3791 1094 3857 convalescens
1120 3803 1231 3854 contra
1259 3813 1349 3876 spem

395 3892 598 3958 admirationi
619 3893 690 3972 fuit,
711 3903 745 3957 et
765 3894 920 3977 gaudium
946 3891 1054 3956 attulit
1078 3890 1241 3956 universis.
1287 3890 1350 3954 His

396 4015 472 4078 ergo
486 3993 541 4080 qui
564 4003 779 4059 convenerant
798 3991 1019 4070 redeuntibus,
1040 4015 1123 4056 unus
1143 3990 1347 4055 servientium

397 4095 561 4180 Radulpbi
595 4094 754 4179 Sagiensis
781 4093 810 4158 ei
838 4094 1011 4180 plurimum
1037 4091 1204 4158 detrahere
1234 4092 1348 4176 coepit;

395 4219 538 4262 asserem
559 4196 588 4260 ei
612 4193 870 4281 compatiendum
892 4217 957 4258 non
980 4215 1059 4273 esse,
1082 4191 1137 4277 qui
1159 4190 1219 4255 sibi
1239 4191 1271 4253 in
1292 4191 1348 4253 ali-

396 4309 577 4363 mentorum
601 4297 805 4384 perceptione
823 4295 1006 4360 subvenisse
1027 4305 1184 4380 potuerat,
1200 4292 1224 4356 si
1245 4292 1351 4356 inanis

395 4383 506 4484 gloriae
516 4399 704 4486 jactantiam
728 4399 907 4464 remisisset.
954 4395 1144 4462 Temeritati
1163 4395 1231 4480 ejus
1253 4393 1347 4458 silen-
