3625 5317
405 792 474 839 cnr.
492 776 631 851 mmm]
762 792 1002 843 usrnnoorcns.
1297 782 1358 841 189

403 943 537 1029 gradus,
558 956 738 1007 nostrorum
761 957 820 1022 est,
841 944 896 1029 qui
919 944 1105 1011 sententiam
1128 967 1193 1009 non
1212 945 1357 1034 praecipi·

403 1057 485 1123 tant,
501 1046 533 1108 in
549 1045 599 1109 his
613 1064 687 1128 quoe
703 1055 777 1111 sunt
792 1044 981 1111 dubitabilia
997 1047 1141 1133 sapienti.

394 1228 397 1233 '
438 1216 516 1302 Cap.
533 1217 586 1280 33.
612 1218 699 1290 Quid
712 1220 797 1281 ratio
808 1219 996 1301 primitivo:
1018 1227 1050 1283 el
1065 1219 1104 1283 de
1118 1221 1218 1283 variis
1232 1222 1326 1284 sectis

721 1321 1030 1402 Philosnpkuntium.

446 1456 560 1518 Pnrms
574 1456 695 1539 itaque,
711 1465 743 1517 et
763 1453 844 1518 ratio
859 1476 945 1529 vers,
966 1466 1015 1517 est
1035 1452 1156 1533 divina,
1171 1476 1267 1539 quum
1283 1454 1355 1520 dix-

404 1553 502 1619 imus:
523 1568 553 1619 et
570 1576 644 1640 quae
659 1554 780 1619 nullum
795 1555 925 1619 omnino
939 1553 1081 1619 admittit
1095 1578 1244 1619 errorem.
1266 1556 1355 1621 Nihil

405 1668 513 1720 autem
543 1670 590 1721 est
616 1656 703 1743 quod
729 1655 830 1742 magis
859 1656 976 1719 rationi
1002 1654 1150 1720 videatur
1174 1656 1356 1733 adversum,

404 1778 501 1841 quam
517 1780 623 1824 error:
645 1757 701 1822 illa
715 1756 798 1821 enim
821 1755 936 1822 statuit
950 1771 983 1821 et
997 1755 1174 1832 confirmat,
1190 1758 1243 1823 hio
1257 1757 1357 1823 lubri-

404 1857 499 1923 citate
522 1882 579 1923 sua
599 1859 773 1943 prosternit
792 1871 825 1923 et
845 1858 1040 1944 supplantet.
1085 1858 1131 1924 Et
1146 1858 1227 1924 sicut
1246 1882 1356 1924 sensus

403 1960 531 2024 nomine
545 1973 691 2026 censetur
707 1983 791 2025 nunc
811 1961 966 2047 potentia.
981 1982 1067 2023 nuno
1082 1973 1173 2025 actus
1187 1961 1356 2037 sentiendi,

404 2062 527 2126 etitem
545 2076 609 2127 tam
631 2062 785 2149 potentin,
801 2084 897 2148 qnsm
919 2073 1010 2125 actus
1029 2060 1224 2147 imaginandi
1238 2061 1357 2127 dieitur

403 2161 605 2249 imaginatio:
628 2164 675 2229 ita
694 2165 789 2240 ratio,
804 2186 890 2229 nuno
905 2163 964 2240 ris,
978 2186 1064 2227 nunc
1082 2163 1218 2249 agitatio
1237 2177 1358 2230 motus-

404 2286 469 2350 que
485 2264 624 2341 virtutis,
634 2288 719 2330 nune
730 2266 827 2331 etism
842 2264 907 2342 illa,
917 2268 951 2329 in
967 2265 1084 2352 quibus
1099 2266 1181 2331 ratio
1194 2266 1355 2351 quendam

406 2387 473 2429 suae
509 2366 637 2432 virtutis
678 2380 798 2433 motum
842 2380 980 2442 exercet,
1015 2366 1168 2431 dicuntur
1208 2366 1356 2433 rationes.

407 2466 524 2544 Quales
548 2468 677 2555 quidem
709 2482 785 2535 sunt
814 2468 1011 2533 inliaerentioe
1040 2468 1072 2532 in
1101 2469 1354 2557 consequentiis:

404 2574 623 2657 proportiones
651 2572 684 2636 in
710 2572 868 2636 numeris:
899 2586 931 2635 et
957 2594 1079 2648 eorum,
1105 2594 1180 2658 quae
1209 2571 1356 2636 absolute

405 2672 578 2736 necessaria
607 2685 693 2750 eunt,
723 2670 1029 2737 demonstrationum
1058 2670 1225 2756 principia.
1283 2673 1357 2735 Has

404 2783 523 2851 nutem,
538 2786 603 2836 tam
618 2772 649 2837 in
671 2772 761 2836 libris
775 2769 815 2835 de
835 2769 960 2848 ordine,
973 2782 1007 2833 et
1027 2768 1068 2833 de
1089 2768 1191 2833 libero
1212 2769 1355 2844 arbitrio,

405 2884 437 2935 et
451 2873 706 2959 Hypouosticon,
718 2894 815 2959 qnam
830 2874 863 2935 in
879 2870 991 2934 multis
1004 2869 1086 2949 nliis,
1097 2868 1209 2933 asserit
1222 2872 1357 2954 Augus·

406 2972 493 3041 tinus
506 2974 699 3039 immortales
712 2996 779 3038 esse
795 2986 827 3037 et
844 2972 1060 3058 sempiternas.
1103 2970 1223 3046 Unius,
1237 2970 1354 3057 inquit,

301 3122 304 3127 -
405 3074 445 3141 ad
466 3076 543 3153 duo,
564 3089 596 3140 et
616 3076 753 3141 duorum
774 3075 814 3138 ad
836 3086 989 3161 quatuor,
1005 3070 1167 3138 verissima
1186 3072 1268 3137 rotio
1286 3086 1354 3139 eat:

405 3198 462 3240 nee
477 3176 578 3262 magis
593 3176 656 3242 luit
677 3176 745 3241 heri
767 3176 849 3241 ratio
870 3174 926 3238 illa
940 3197 1028 3253 vera,
1043 3197 1140 3262 quam
1161 3172 1273 3239 hodie:
1297 3197 1355 3241 nec

406 3278 506 3363 magis
521 3302 600 3359 oras,
615 3292 671 3345 unt
685 3292 757 3365 post
777 3300 907 3352 annum,
924 3278 985 3343 erit
999 3300 1083 3342 vera.
1128 3280 1197 3343 Neo
1212 3277 1238 3341 si
1252 3280 1355 3343 omnis

343 3364 347 3373 ¹
406 3381 546 3446 mundus
570 3381 631 3448 iste
658 3381 816 3459 concidet,
840 3380 958 3467 poterit
988 3380 1050 3445 ista
1073 3379 1157 3445 ratio
1185 3402 1248 3444 non
1274 3402 1355 3461 esse,

406 3480 500 3547 simili
529 3485 624 3549 modo
650 3484 859 3550 substantiam
889 3506 965 3547 esse.
1017 3483 1050 3547 Si
1076 3482 1117 3547 sit
1139 3504 1267 3568 eorpus,
1291 3502 1353 3546 non

406 3606 472 3648 esse
487 3606 549 3649 non
564 3600 679 3673 potest.
709 3588 834 3653 Caetera
848 3585 991 3671 quidem,
1004 3608 1078 3671 quae
1094 3585 1210 3648 dirinae
1223 3584 1355 3649 rationis

407 3684 519 3751 oculus
533 3687 777 3775 contemplatur,
789 3710 863 3752 vera
873 3687 1003 3771 quidem
1019 3698 1105 3763 aunt,
1114 3686 1168 3750 sed
1184 3698 1356 3772 praemntn-

405 3786 530 3854 bilitnte
554 3813 613 3855 sua
634 3812 837 3875 nequaquam
859 3787 1012 3854 dicuntur
1032 3787 1179 3852 rationes.
1225 3789 1278 3851 Ex
1294 3788 1355 3853 hoo

407 3904 515 3954 autem
553 3892 696 3958 veritatis
731 3890 927 3977 rationisque
962 3889 1131 3966 consortio,
1160 3889 1354 3976 quibusdam

406 3989 704 4079 philosophantibus
720 3993 821 4058 visum
842 4005 900 4066 est,
919 4013 1042 4077 semper
1056 4013 1126 4055 esse
1140 4013 1250 4055 verum
1266 3991 1355 4076 quod

407 4091 501 4157 semel
527 4106 575 4158 est
600 4116 733 4159 verum:
767 4094 887 4179 quibus
913 4092 1040 4157 videtur
1065 4092 1231 4177 suffragari
1261 4091 1355 4167 ratio,

407 4214 503 4278 quam
521 4197 720 4279 Augustinus
735 4195 869 4273 inducit,
885 4213 923 4261 ut
935 4195 1058 4273 docent,
1072 4206 1211 4257 nostram
1227 4204 1259 4255 et
1275 4214 1356 4276 prae-

406 4295 587 4361 cedentium
608 4312 748 4383 patrum,
769 4297 900 4361 eandem
924 4320 991 4361 esse
1010 4296 1125 4359 iidem:
1148 4295 1207 4355 etsi
1222 4314 1282 4355 nos
1295 4314 1357 4378 pro

405 4411 496 4480 parte
511 4397 708 4483 gaudeamus
728 4398 908 4484 impletum,
922 4397 1010 4484 qnod
1026 4395 1072 4460 illi
1088 4392 1356 4480 prestolabantur
