3625 5317
490 776 533 838 78
736 787 872 833 scaurus
887 784 1166 831 murnentanus
1305 766 1388 845 [cnr.
1405 787 1443 833 11.

487 935 1441 1027 pertinentibusadphysicam‚soepeloqnatur,etmultum?

490 1041 552 1107 Sed
568 1039 625 1127 qui
640 1040 681 1105 ad
703 1040 763 1105 hoc
783 1037 985 1118 convalescit,
1006 1038 1108 1124 mags
1128 1050 1255 1124 poterat
1275 1050 1443 1123 oegrntere.

488 1145 569 1222 Quis
580 1142 705 1207 ethicus
716 1163 840 1207 morum
857 1141 989 1227 regulis,
1001 1139 1079 1205 dum
1094 1140 1127 1203 in
1143 1139 1253 1225 lingua
1263 1155 1442 1221 versantur,

486 1266 549 1310 non
562 1244 728 1309 abundat?
761 1242 825 1310 Sed
841 1241 936 1327 plane
950 1241 1045 1327 longe
1054 1239 1216 1305 difficilius
1226 1255 1275 1305 est
1287 1255 1325 1306 ut
1333 1244 1441 1328 expri-

485 1362 614 1411 mantur
628 1347 660 1409 in
678 1346 755 1411 vita.
798 1344 978 1411 Mechsnici
993 1344 1133 1430 opifices,
1148 1342 1241 1408 facile
1256 1343 1374 1428 singuli
1396 1345 1442 1408 ln·

484 1458 633 1533 qunntur
653 1446 695 1510 de
717 1446 839 1510 artibus
861 1445 939 1522 suis,
961 1445 1017 1509 sed
1043 1468 1135 1509 nemo
1156 1466 1267 1509 eorum
1289 1461 1355 1509 tam
1377 1444 1441 1508 leri

482 1570 581 1635 opera
602 1547 813 1613 architectum
837 1559 976 1623 exercet,
997 1558 1054 1611 aut
1076 1545 1229 1632 pugilem.
1272 1545 1364 1611 ldem
1393 1561 1442 1612 est

483 1650 517 1713 in
540 1647 682 1735 reliquis.
727 1648 781 1715 Sic
804 1648 845 1712 de
867 1646 1062 1726 delinitione,
1083 1662 1140 1713 aut
1155 1648 1365 1732 argumentis,
1384 1663 1442 1715 aut

483 1774 611 1837 genere,
623 1764 656 1817 et
671 1751 828 1817 similibus
844 1750 945 1836 loqui,
960 1748 1149 1814 facillimum
1163 1761 1228 1813 est:
1251 1748 1307 1814 sed
1318 1748 1440 1824 eadem,

482 1853 524 1918 ad
539 1856 619 1919 artis
640 1853 836 1941 explendum
855 1853 1007 1925 officium,
1023 1852 1056 1916 in
1079 1851 1214 1938 singulis
1235 1852 1443 1919 facultatibus

484 1952 639 2028 invenire,
669 1953 764 2037 longe
785 1949 957 2017 difficilius.
1001 1954 1091 2038 Ergo
1121 1951 1178 2041 qui
1201 1950 1441 2038 disciplinarum

487 2052 595 2137 inopia
619 2053 788 2140 premitur,
812 2050 935 2135 copiam
958 2072 1056 2136 quam
1078 2053 1257 2118 Dialectica
1276 2053 1444 2140 pollicetur

484 2163 517 2217 et
531 2163 676 2239 praestat,
692 2172 754 2215 non
770 2149 911 2215 hebebit.

487 2355 568 2439 Cap.
586 2360 632 2419 10.
659 2356 803 2430 Qmum
818 2357 1011 2420 auctorante
1023 2358 1249 2439 praecedentia,
1264 2364 1296 2423 et
1308 2378 1443 2441 aequen-

850 2456 910 2531 tia,
924 2465 1076 2521 constant

530 2571 636 2648 Quum
665 2568 816 2657 primum,
841 2569 1024 2637 adolescens
1049 2571 1236 2654 admodum,
1257 2572 1437 2640 studiorum

483 2694 579 2737 causa
607 2672 790 2758 migrassem
814 2675 846 2737 in
872 2672 1005 2752 Gallias,
1034 2696 1117 2738 anno
1145 2675 1247 2741 altero
1268 2690 1439 2764 postquam

482 2772 616 2839 illustris
631 2794 688 2838 rex
707 2772 887 2858 Anglnrum
905 2774 1080 2853 Henricus,
1096 2779 1162 2841 Leo
1177 2776 1328 2863 justitiae,
1343 2777 1439 2844 rebus

480 2877 614 2941 excessit
638 2875 796 2953 humenis,
819 2874 940 2943 contuli
965 2900 1016 2941 me
1037 2877 1079 2942 ad
1103 2878 1356 2965 Peripateticum
1378 2882 1439 2945 Pa·

483 2976 629 3054 lstinum‚
654 2978 710 3065 qui
727 2991 804 3042 tunc
827 2977 859 3041 in
879 2991 987 3043 monte
1009 2990 1127 3044 sanctae
1143 2980 1319 3047 Gennvefse
1332 2982 1438 3047 clarus

480 3077 604 3156 doctor,
632 3091 664 3143 et
683 3077 880 3143 admirabilis
900 3080 1048 3146 omnibus
1069 3081 1271 3169 praesidebat.
1316 3085 1382 3166 Ibi,
1397 3084 1440 3149 ad

481 3178 579 3265 pedes
593 3180 673 3263 ejus,
688 3177 793 3263 prima
806 3179 883 3243 artis
900 3180 997 3263 hujus
1008 3182 1192 3249 rudimenta
1199 3186 1317 3271 accepi,
1332 3199 1365 3251 et
1380 3208 1440 3273 prn

481 3277 613 3343 modulo
627 3277 776 3362 ingenioli
792 3278 865 3357 mei,
881 3280 1035 3366 quicquid
1050 3285 1220 3352 excidebat
1233 3287 1275 3353 ab
1286 3310 1341 3352 ore
1355 3288 1437 3375 ejus.

482 3390 551 3444 tota
569 3377 684 3441 mentis
697 3376 851 3443 aviditate
870 3377 1079 3466 excipiebam.
1124 3386 1261 3470 Deinde,
1275 3400 1350 3474 post
1372 3388 1438 3454 dis·

480 3498 602 3541 cessum
617 3474 698 3561 ejus,
722 3476 778 3560 qui
802 3475 880 3541 mihi
902 3499 1126 3568 praeproperus
1141 3484 1301 3564 viserent,
1316 3486 1436 3553 adhaesi

479 3578 634 3665 magistro
662 3577 818 3659 Alderien,
843 3578 899 3666 qui
925 3581 1010 3646 inter
1034 3597 1166 3652 caeteros
1193 3590 1438 3671 opinatissimae

480 3679 674 3746 Dialecticus
696 3679 848 3758 enitebat,
870 3696 902 3746 et
927 3695 996 3747 erat
1018 3706 1128 3750 revera
1148 3691 1325 3754 nominalie
1344 3700 1437 3757 secloe

479 3782 650 3846 acerrimus
672 3782 889 3868 impugnator.
935 3784 987 3848 Sic
1001 3784 1102 3849 ferme
1125 3800 1194 3853 toto
1209 3789 1339 3855 biennio
1360 3814 1435 3857 eon·

480 3898 624 3950 versatus
646 3883 677 3948 in
709 3898 827 3963 monte,
849 3886 928 3951 artis
957 3888 1056 3976 hujus
1077 3892 1332 3978 praeceptoribus
1354 3916 1433 3959 usus

479 4006 548 4051 sum
574 3984 735 4063 Albulae,
757 4000 790 4050 et
813 3986 966 4072 magistro
995 3990 1141 4055 Roberto
1169 3994 1371 4071 Maludensi‚·
1396 4009 1433 4062 ut

478 4086 665 4175 cognomine
685 4086 882 4172 designetur,
899 4091 986 4176 quod
1008 4092 1125 4157 meruit
1140 4094 1173 4157 in
1190 4096 1369 4162 scholarum
1384 4119 1433 4162 re·

477 4188 595 4276 gimine
620 4188 758 4267 (natione
780 4189 937 4274 siquidem
970 4192 1153 4280 Angligena
1175 4201 1261 4282 θεῖε)
1292 4221 1430 4285 quorum

477 4291 558 4356 alter
572 4290 612 4355 ad
626 4290 732 4355 omnia
747 4291 966 4379 scrupulosus,
983 4292 1087 4359 locum
1103 4298 1291 4383 quaestionis
1310 4300 1432 4367 inveni-

477 4392 551 4459 ebat
568 4390 709 4477 ubique:
734 4404 769 4457 ut
780 4392 928 4476 quamvis
942 4392 1045 4478 polita
1059 4396 1221 4482 planicies,
1238 4400 1431 4467 offendiculo
