3625 5317
384 788 472 832 sacr.
489 770 536 849 v.]
672 788 714 831 ne
731 786 860 829 sarran
878 784 1048 830 ssersrus.
1274 776 1334 834 221

384 1070 467 1131 Seot.
483 1076 512 1132 5.
541 1069 664 1142 Quinta
683 1074 813 1151 septeno
834 1068 873 1131 dc
892 1075 1008 1151 septem
1029 1068 1203 1131 virtutibus
1221 1068 1338 1149 quitus

715 1172 825 1233 aalma
840 1174 1008 1234 innititur.

424 1326 557 1402 Qasnrs
569 1338 697 1409 septena
706 1324 866 1409 graduum
876 1338 997 1411 septem
1008 1326 1164 1389 virtutum
1175 1326 1336 1410 praedictis

382 1428 583 1513 adjungitur,
613 1426 732 1513 quibus
766 1427 872 1491 anima
907 1427 1027 1508 innixa,
1061 1427 1195 1492 vicinius
1228 1428 1338 1493 divina

383 1531 576 1614 speculatur.
608 1528 734 1611 Septem
751 1541 826 1591 sunt
842 1527 978 1592 virtutes
988 1550 1068 1614 quas
1079 1527 1336 1613 pariuntseptem

382 1631 468 1695 dona
477 1632 608 1716 spiritus
617 1629 725 1694 sancti.
745 1628 825 1695 Haeo
834 1645 940 1695 autem
951 1629 1035 1693 dona
1043 1641 1117 1693 sunt
1127 1628 1221 1714 primi
1231 1642 1337 1693 motus

382 1732 415 1796 in
430 1732 536 1811 corde,
547 1733 638 1817 quasi
652 1731 800 1816 quaedam
814 1732 971 1795 virtutum
984 1729 1103 1794 semina
1114 1750 1209 1815 super
1221 1745 1336 1793 terram

382 1833 489 1898 cordis
507 1834 606 1897 nostri
625 1835 765 1921 jactata,
794 1833 929 1896 virtutes
952 1854 1027 1894 vero
1043 1830 1134 1917 quasi
1154 1844 1276 1915 segetes
1296 1853 1337 1895 ex

380 1935 459 2021 ipsis
473 1945 689 2017 consurgunt:
713 1955 786 2017 quae
802 1932 933 2018 quidam
947 1930 1021 1996 boni
1036 1931 1168 1995 effectus
1178 1931 1336 1995 donorum

381 2050 473 2111 suut;
490 2036 747 2101 undedohannes
759 2034 789 2099 in
800 2035 1006 2120 Apocalypsi,
1022 2034 1116 2114 [Rev.
1127 2058 1156 2097 v.
1167 2036 1213 2116 6.]
1233 2034 1335 2099 “Vidi

381 2150 502 2223 septem
526 2137 657 2223 spiritus
678 2136 893 2201 discurrentes
913 2148 987 2201 ante
1008 2135 1158 2201 thronum
1175 2135 1335 2201 Domini.’'

382 2240 521 2327 Spiritus
535 2240 701 2317 dicuntur,
714 2239 746 2303 id
762 2252 820 2315 est,
837 2238 1045 2326 aspirationes
1059 2261 1134 2325 qure
1148 2239 1333 2325 precedunt

381 2342 535 2406 virtutes:
561 2354 594 2406 et
608 2354 683 2404 sunt
698 2339 781 2405 dona
797 2354 901 2405 tamen
917 2354 950 2405 et
965 2362 1027 2405 non
1043 2339 1171 2419 merita3
1199 2342 1334 2407 virtutes

382 2463 459 2505 vero
474 2456 548 2507 sunt
568 2456 599 2505 et
616 2441 698 2505 dona
718 2454 750 2505 et
773 2440 892 2505 merita.
941 2441 980 2503 In
1001 2439 1063 2505 illis
1084 2462 1161 2505 vero
1183 2457 1335 2529 operatur

383 2544 470 2607 Deus
491 2542 556 2606 sine
578 2542 687 2614 nobis;
719 2542 750 2605 in
771 2541 839 2606 istis
858 2555 1011 2627 operatur
1032 2543 1207 2608 nobiscum.
1251 2548 1334 2611 Sunt

380 2644 481 2730 igitur
492 2658 612 2731 septem
624 2643 757 2708 virtutes
771 2641 863 2729 quasi
875 2642 1066 2728 septiformis
1076 2645 1189 2727 gratiae
1199 2645 1333 2729 gratim:

380 2746 502 2834 quibus
517 2746 619 2809 anima
635 2744 832 2809 ascendendo
843 2743 1077 2828 contemplatur
1091 2744 1240 2809 divinius.
1268 2747 1336 2811 Pri·

383 2870 454 2911 mus
468 2848 588 2930 gradus
609 2861 657 2911 est
680 2845 844 2910 humilitas
858 2866 898 2908 ex
920 2847 1033 2909 timore
1058 2845 1187 2911 Domini
1208 2847 1265 2932 qui
1287 2860 1335 2910 est

380 2949 507 3014 initium
546 2948 719 3035 sapientiae,
752 2947 920 3031 oriensque
954 2945 1134 3033 superbiam
1175 2946 1334 3034 deprimit.

382 3052 549 3119 Secundus
579 3053 709 3137 gradus,
738 3050 962 3126 mansuetudo,
991 3072 1034 3115 ex
1063 3050 1178 3136 spiritu
1207 3052 1335 3139 pietatis

380 3156 531 3239 nascitur,
545 3155 693 3219 invidiam
715 3150 934 3239 comprimens.
978 3153 1106 3218 Tertius
1120 3153 1239 3239 gradus
1254 3155 1337 3241 pati-

380 3259 511 3323 entiacx
522 3254 1028 3343 spirituscientiaegignitur,iram
1039 3256 1177 3323 vincens.
1193 3259 1336 3336 Quartus

379 3361 510 3447 gradm,
536 3359 687 3425 instantia
714 3360 787 3424 boni
818 3358 923 3445 operis
947 3382 1003 3423 seu
1034 3362 1267 3445 perseverantia
1295 3384 1334 3426 ex

380 3464 496 3549 spiritu
513 3461 721 3541 fortitudinis,
735 3460 887 3527 accidiam
907 3461 1073 3526 suffocans.
1111 3462 1253 3537 Quintus
1262 3487 1335 3548 gra·

380 3565 452 3643 dus,
481 3564 611 3650 largitas
632 3563 698 3627 sive
727 3562 953 3641 misericordia,
982 3586 1023 3627 ex
1057 3564 1171 3649 spiritu
1201 3564 1334 3644 consilii,

377 3667 543 3732 avaritiam
559 3666 748 3753 deprimens.
784 3666 901 3729 Sextus
916 3664 1048 3749 gradus,
1064 3665 1255 3751 parsimonia
1269 3667 1334 3731 sive

378 3766 580 3845 abstinentia,
607 3790 647 3832 ex
678 3766 794 3854 spiritu
825 3765 1055 3851 intelligentiae,
1081 3766 1334 3854 gastrimargiam

378 3870 516 3935 vincens.
555 3869 718 3956 Septimus
732 3868 852 3953 gradus
867 3867 972 3933 cordis
987 3868 1144 3933 munditia
1160 3892 1200 3934 ex
1217 3870 1332 3957 spiritu

378 3971 552 4058 aspisatim,
561 3970 790 4058 philargyriam
803 3970 972 4051 perimens.
1002 3973 1047 4035 Et
1058 3972 1232 4036 notandum
1244 3972 1334 4058 quod

378 4073 534 4138 virtutum
561 4072 633 4137 alise
659 4085 735 4137 sunt
760 4071 932 4147 naturales,
958 4072 1030 4136 alioe
1056 4073 1236 4148 meritoriae,
1258 4095 1334 4157 quae

376 4174 504 4261 majoris
530 4172 634 4239 meriti
659 4186 734 4239 sunt
758 4194 855 4259 quam
884 4172 1055 4255 naturales,
1079 4174 1155 4260 quia
1180 4171 1334 4237 naturalis

377 4276 479 4341 virtus
495 4288 598 4363 potest
613 4274 644 4339 in
661 4274 788 4339 homine
810 4296 882 4339 oum
899 4273 978 4339 vitio
1000 4287 1124 4341 naturae
1139 4272 1332 4350 cohabitare,

376 4391 412 4442 ut
439 4378 595 4465 patientia
624 4398 697 4441 cum
727 4375 829 4440 cernis
858 4376 1044 4461 fragilitate,
1075 4373 1230 4462 pudicitia
1258 4397 1333 4439 curn
