3625 5317
414 760 585 845 osanna]
769 778 1011 825 usrsuooraus.
1327 766 1368 825 tt

415 932 456 997 ad
466 931 657 1017 explendam
666 928 872 1015 indigentiam
885 930 1099 1008 rationalium,
1109 950 1210 1017 quum
1220 941 1369 1008 econtra,

415 1032 644 1119 transsumptio
667 1031 869 1097 rationalium
895 1032 937 1096 erl
961 1032 1131 1110 naturalia,
1157 1032 1189 1096 in
1216 1045 1281 1097 tam
1309 1030 1371 1095 fre-

413 1136 526 1221 quenti
538 1157 598 1201 usu
611 1156 813 1221 nequaquam
827 1148 979 1200 versetur.
1012 1135 1059 1200 Sit
1074 1147 1181 1199 autem
1194 1134 1369 1209 translatio,

413 1257 499 1301 nunc
513 1236 644 1321 quidem
662 1234 856 1300 necessitatis
870 1257 978 1311 causa,
990 1256 1075 1300 nunc
1088 1246 1236 1299 ornatus:
1260 1232 1316 1298 sed
1332 1247 1369 1299 ut

412 1337 535 1405 celebre
549 1352 598 1403 est
613 1336 700 1422 apud
716 1336 871 1418 cruditos,
886 1360 955 1419 quc
970 1345 1109 1403 orantus
1122 1358 1223 1403 causo
1237 1340 1371 1421 ncafit,

412 1442 452 1505 ab
481 1443 729 1523 aequivocatione
763 1460 831 1503 nan
865 1450 914 1504 eat
941 1442 1062 1505 aliena
1115 1441 1261 1517 Quorum
1292 1460 1371 1525 ergo

415 1543 589 1607 necessaria
603 1552 652 1605 est
665 1540 843 1620 translatio,
853 1542 965 1607 multis
975 1540 1141 1605 commode
1155 1540 1368 1627 applicantur,

416 1656 447 1707 et
463 1666 521 1729 pro
536 1645 632 1709 modo
647 1664 769 1721 eorum,
780 1664 855 1727 qum
871 1642 1024 1706 dicuntur
1038 1642 1274 1707 accidentaliter
1289 1664 1371 1728 pras-

417 1743 528 1819 dicari,
544 1764 672 1807 sensum
691 1741 883 1828 plerumque
905 1756 1032 1806 mutant
1049 1744 1091 1805 ad
1107 1742 1250 1827 singula:
1278 1764 1371 1807 nemo

416 1858 522 1910 tamen
538 1844 769 1930 conjunctionis
784 1843 1063 1929 incompetentiam
1077 1843 1291 1929 reprehendit.
1324 1845 1370 1911 Et

307 1953 310 1960 '
415 1946 490 2013 licet
512 1946 717 2032 improprius,
731 1944 764 2009 id
781 1958 841 2023 est,
857 1945 1073 2012 translationis
1087 1967 1209 2023 senam,
1226 1966 1291 2011 suae
1306 1946 1372 2011 dic-

415 2047 509 2115 tionis
530 2047 642 2132 primae
661 2044 894 2130 significationi,
910 2046 944 2110 id
963 2058 1021 2121 est,
1042 2068 1139 2132 quam
1160 2069 1180 2109 a
1201 2047 1303 2133 prima
1324 2051 1372 2112 in-

417 2148 583 2217 stitutione
605 2148 755 2227 habebat,
770 2148 814 2213 sic
829 2148 994 2214 obtinente
1011 2170 1070 2213 usu
1087 2171 1172 2235 saepe
1186 2148 1369 2235 praevaleat,

416 2252 441 2317 si
464 2252 546 2318 sorte
568 2251 609 2316 ad
633 2250 842 2316 domesticum
865 2250 997 2317 redeant
1020 2274 1159 2331 sensum,
1178 2254 1291 2339 utique
1312 2265 1370 2318 aut

415 2352 503 2419 nulla
514 2352 696 2419 absurditas
705 2363 763 2427 est,
774 2367 830 2417 aut
843 2374 904 2416 uon
917 2366 1018 2429 tanta,
1029 2366 1182 2439 quantam
1194 2354 1370 2439 arguimus,

419 2477 522 2540 quum
547 2454 706 2540 adjectiva
733 2453 901 2519 verborum
928 2474 966 2518 eo
991 2455 1176 2533 trahuntur,
1200 2468 1237 2520 ut
1262 2476 1369 2521 rarum

417 2556 594 2643 significent
616 2554 815 2643 qualitatem.
861 2558 946 2621 Ecce
968 2557 1176 2623 convertibile
1198 2559 1230 2622 in
1254 2559 1304 2624 his
1329 2580 1369 2623 ex

419 2681 480 2725 usu
495 2658 629 2733 obtinet,
646 2678 722 2745 quae
744 2681 776 2721 se
796 2659 1023 2743 praedicatione
1042 2675 1157 2725 mutua
1176 2659 1370 2725 circumscri-

416 2760 515 2825 bunt:
540 2774 577 2826 ut
592 2761 625 2824 in
641 2758 755 2845 specie,
769 2773 800 2825 et
817 2758 1012 2836 definitione,
1028 2773 1085 2825 aut
1100 2763 1240 2847 proprio.
1286 2764 1368 2825 ltem

405 2865 550 2944 finitum
562 2874 594 2926 et
603 2859 832 2943 ittfinitamad
842 2861 1057 2947 designandas
1067 2883 1178 2925 eorum
1189 2861 1369 2946 qualitates,

415 2964 537 3027 nomini
562 2962 773 3047 adjiciuntur,
798 2973 831 3027 st
857 2961 973 3026 verbo:
1009 2962 1237 3047 sedquoniam
1260 2962 1370 3031 lraeca

417 3063 515 3126 rebus
529 3079 659 3147 sumpta
674 3074 758 3141 sunt,
774 3082 976 3149 nequaquam
992 3062 1147 3129 absonum
1163 3076 1223 3139 est,
1239 3065 1265 3129 si
1280 3066 1369 3133 velut

415 3190 435 3231 a
450 3164 705 3252 peregrinatione
725 3162 857 3231 domum
880 3164 1022 3244 redeant,
1040 3181 1076 3233 ut
1097 3188 1148 3231 res
1166 3165 1276 3254 aliqua
1297 3189 1371 3233 oon-

415 3268 584 3346 vertibilis,
604 3279 661 3333 aut
683 3268 776 3333 finita
797 3268 934 3343 dicatur,
955 3279 1012 3333 aut
1034 3268 1170 3334 inlicita.
1216 3270 1369 3337 Similiter

414 3370 600 3435 autumate
613 3382 645 3433 et
657 3370 870 3452 particulare,
884 3368 959 3434 licet
971 3369 1004 3433 iu
1019 3368 1126 3434 verbis
1135 3392 1245 3435 eorum
1261 3372 1369 3457 vigeat

415 3470 598 3557 appellatio,
609 3492 705 3557 quam
718 3494 737 3534 a
752 3471 847 3535 rebus
859 3483 1007 3537 mutuata
1022 3485 1097 3536 sunt
1110 3472 1274 3551 (secundoe
1285 3473 1367 3537 enim

415 3571 625 3659 impositionis
639 3592 701 3635 non
717 3573 807 3655 sunt)
820 3585 955 3658 possunt
970 3571 1036 3637 sine
1051 3572 1250 3639 absurditate
1261 3595 1368 3637 rerum

415 3673 599 3737 nominibus
623 3670 789 3759 adjectivis
813 3674 975 3759 conjungi.
1030 3678 1076 3740 Et
1099 3672 1230 3759 quidem
1253 3695 1328 3759 quoe
1348 3696 1369 3739 a

415 3775 511 3839 rebus
532 3784 662 3861 sumpts
682 3782 767 3849 sunt,
783 3772 823 3839 ad
845 3795 895 3838 res
910 3774 1014 3839 redire
1034 3785 1186 3861 possunt:
1218 3775 1272 3839 sed
1294 3797 1369 3862 qum

415 3874 547 3940 inventu
568 3887 643 3939 sunt
666 3884 703 3936 ut
726 3869 896 3937 verborum
917 3872 1058 3939 indicent
1082 3874 1281 3961 qualitatem,
1304 3897 1367 3939 non

417 3998 455 4039 en
469 3976 707 4053 commoditate,
723 3975 773 4040 vel
790 3998 864 4054 usu,
880 3976 1090 4055 devocantur,
1105 3991 1142 4043 ut
1166 3999 1273 4041 rerum
1288 3976 1370 4041 indi·

419 4090 491 4142 cent
526 4078 725 4164 qualitatem.
780 4077 942 4145 Videntur
974 4080 1059 4143 enim
1094 4079 1217 4165 aliquid
1253 4079 1369 4143 habere

418 4177 522 4244 simile
554 4199 627 4241 cum
657 4176 706 4241 his
732 4176 903 4263 generibus
937 4180 1120 4255 verborum,
1150 4199 1226 4264 quoe
1256 4176 1368 4239 Groece

419 4290 712 4366 syncategoremata
725 4275 943 4364 appellantur,
959 4300 997 4341 eo
1011 4275 1112 4363 quod,
1127 4277 1210 4339 sicut
1224 4270 1367 4352 illorum,

417 4382 458 4447 ab
474 4377 647 4467 adjunctis,
658 4390 716 4441 aut
731 4390 790 4453 est,
803 4388 860 4441 aut
874 4374 1086 4461 perpenditur
1096 4368 1299 4458 significatio,
1324 4371 1369 4437 sic
