3625 5317
374 816 446 861 car.
463 798 509 877 v.]
736 814 978 861 uaratoorcus.
1291 800 1331 859 21

376 967 528 1053 voragine
552 965 815 1031 absorbebantur.
861 965 951 1030 Adeo
971 962 1116 1050 quidem,
1131 974 1168 1029 ut
1190 963 1331 1049 sicpro·

375 1066 549 1133 ficientium
580 1066 860 1154 Philosophorum,
881 1080 950 1146 aut,
977 1077 1013 1130 ut
1042 1066 1150 1129 verius
1178 1064 1331 1143 dixerim,

372 1168 590 1237 deficientium
619 1170 798 1247 collatione,
828 1169 935 1255 quivis
968 1169 1001 1233 in
1031 1168 1129 1233 turba
1157 1168 1332 1254 prophanae

371 1272 601 1355 multitudinis,
621 1272 711 1337 rudis
725 1272 912 1356 adfingitia
929 1271 1100 1337 rideretur.

373 1440 453 1527 Cap.
472 1449 502 1506 5.
527 1443 670 1517 Quantis
688 1443 776 1520 airis,
791 1446 822 1503 et
841 1460 914 1517 cur,
926 1442 1064 1523 familiar
1086 1439 1144 1504 tua
1166 1388 1393 1550 auratas]

784 1544 915 1607 audem.

415 1662 568 1727 Souuaar
595 1658 748 1744 magister
775 1657 943 1723 Gilbertus
974 1659 1056 1736 (tum
1085 1657 1219 1745 quidem
1245 1661 1333 1738 Can,

370 1759 517 1825 cellarius
533 1757 751 1835 Carnutensis,
768 1770 799 1821 et
819 1758 1026 1842 postmodum
1043 1757 1232 1822 venerabilis
1249 1759 1335 1845 epis.

371 1882 472 1947 copus
492 1860 713 1941 Pietavorum)
739 1858 889 1945 temporis
911 1858 990 1944 ejus,
1009 1859 1116 1923 nescio
1138 1858 1256 1938 ridens,
1272 1874 1329 1927 aut

372 1963 484 2029 dolens
508 1962 673 2039 insaniam,
694 1984 794 2049 quum
821 1984 875 2025 eos
896 1960 1026 2027 videbat
1046 1961 1088 2026 ad
1114 1962 1232 2038 studia,
1255 1987 1331 2051 quae

371 2065 527 2151 praedicta
541 2079 628 2143 sunt,
643 2064 778 2140 evolare,
794 2064 841 2128 ais
859 2076 961 2129 artem
980 2065 1145 2151 pistoriam
1167 2064 1328 2152 polliceri:

371 2167 521 2253 quoniam
545 2167 600 2231 illa
621 2180 682 2243 est,
707 2179 744 2231 ut
766 2166 880 2247 aiebat,
900 2167 934 2230 in
956 2179 1053 2253 gente
1075 2190 1146 2246 sua,
1166 2190 1242 2255 quae
1263 2169 1331 2237 sola

369 2269 510 2356 accipere
525 2268 690 2334 consuevit
704 2291 825 2344 omnes,
840 2267 912 2332 aliis
926 2269 1090 2353 operibus,
1104 2280 1163 2333 aut
1187 2274 1330 2354 artificio

371 2370 550 2437 destitutos.
597 2372 662 2435 Ars
688 2369 769 2435 enim
797 2367 945 2433 facillime
970 2383 1148 2450 exercetur,
1170 2382 1203 2435 et
1228 2371 1332 2437 subsi-

372 2470 471 2537 diaria
497 2484 544 2536 est
566 2470 710 2545 aliarum,
734 2468 908 2556 praesertim
936 2468 1022 2557 apud
1045 2493 1109 2546 eoa
1131 2470 1188 2557 qui
1214 2493 1328 2559 panem

371 2572 489 2658 potius,
511 2593 609 2657 quam
632 2570 800 2637 artificium
828 2584 989 2658 quaerunt.
1035 2571 1097 2635 Sed
1125 2574 1232 2639 etalii
1256 2576 1328 2655 viri,

373 2688 529 2741 amatores
545 2675 708 2739 literarum
727 2677 854 2762 (utpote
870 2675 1020 2758 magister
1033 2675 1264 2750 Theodericus,
1277 2700 1328 2741 ar·

372 2776 452 2841 tium
475 2776 727 2842 studiosissimus
750 2775 981 2862 investigatum
1012 2776 1123 2839 itidem
1146 2777 1330 2842 Willehnus

372 2878 412 2943 de
443 2877 592 2955 conchis,
618 2877 856 2960 grammaticus,
885 2888 957 2962 post
981 2875 1182 2940 Bernardum
1209 2880 1331 2942 Carno-

372 2994 504 3055 tensem,
530 2978 801 3062 opulentissimus,
829 2987 861 3041 et
889 2976 1119 3061 peripateticus
1148 2976 1329 3059 Palatinus,

372 3081 431 3167 qui
457 3080 568 3163 logicas
589 3078 769 3165 opinionem
795 3077 963 3163 praeripuit
988 3076 1138 3141 omuibus
1164 3082 1329 3148 coaetaneis

372 3183 450 3259 suis,
473 3181 552 3247 adeo
579 3194 615 3245 ut
638 3180 724 3246 solua
747 3178 933 3245 Aristotelis
957 3178 1141 3245 crederetur
1165 3206 1243 3249 usus
1269 3188 1330 3251 col·

371 3286 489 3369 loquio)
510 3307 542 3349 se
564 3306 673 3348 omnes
695 3296 914 3371 opposuerunt
934 3283 1044 3347 errori.
1091 3285 1151 3350 Sed
1176 3310 1233 3351 nec
1256 3288 1327 3354 uui-

371 3387 452 3451 versi
481 3384 710 3451 insanientibus
739 3384 883 3449 resistere
912 3397 1106 3470 potuerunt:
1144 3386 1328 3474 insipientes

371 3488 480 3574 itaque
505 3487 582 3551 facti
609 3499 695 3566 sunt,
721 3486 800 3551 dum
825 3484 1015 3571 insipientias
1044 3486 1255 3564 resistebaut3
1294 3505 1327 3556 et

370 3586 491 3651 erronei
505 3586 628 3652 diutius
648 3586 761 3666 babiti,
776 3584 856 3648 dum
870 3584 1000 3649 obviare
1018 3584 1202 3651 nitebantur
1216 3591 1326 3656 errori.

371 3691 609 3763 Verumtamen,
625 3688 735 3752 fumus
749 3684 802 3748 ille
817 3684 881 3749 cito
896 3685 1038 3765 evanuit,
1048 3697 1080 3750 et
1097 3684 1326 3772 praedictorum

369 3813 466 3878 opera
487 3791 723 3877 magistrorum,
737 3802 769 3853 et
792 3785 967 3872 diligentia,
991 3787 1154 3853 redierunt
1176 3799 1271 3867 artes,
1293 3806 1326 3856 et

371 3895 462 3979 quasi
470 3895 545 3981 jure
555 3891 768 3979 post-liminii,
780 3892 930 3984 honorem
943 3890 1112 3977 pristinum
1126 3906 1228 3956 nactas
1239 3907 1325 3971 sunt,

371 4008 402 4059 et
419 4008 489 4081 post
506 3996 650 4076 exilium,
662 3994 810 4081 gratiam,
826 4004 858 4057 et
880 3992 1014 4077 gloriam
1030 3992 1225 4079 ampliorem.
1272 3997 1327 4061 Iu-

372 4096 453 4163 vidit
469 4098 668 4175 Cornificius,
685 4109 717 4161 et
737 4110 830 4183 turpe
844 4108 1009 4181 reputans,
1025 4108 1062 4159 ut
1077 4118 1171 4159 senex
1187 4098 1328 4163 mittere-

372 4209 427 4263 tur
437 4198 477 4261 ad
490 4197 622 4277 scholas,
633 4212 665 4263 et
678 4212 713 4263 ut
726 4220 819 4263 sensu
833 4218 913 4280 puer
924 4208 1102 4282 appareret,
1111 4219 1205 4261 senex
1217 4209 1325 4275 atate,

372 4300 502 4386 culpare
527 4299 635 4385 eoepit,
657 4300 745 4386 quod
772 4323 804 4365 se
829 4320 923 4385 posse
949 4297 1097 4383 consequi
1123 4297 1323 4381 desperabat.

373 4403 553 4471 Sententiae
572 4403 720 4488 carpebat
741 4402 895 4481 omnium,
915 4423 953 4463 eo
973 4400 1060 4487 quod
1082 4399 1110 4461 ei
1130 4395 1326 4463 dissimiliter
