3625 5317
441 783 500 845 lta
686 792 821 837 ioannis
838 788 1116 835 ssnasasmsnsrs
1227 770 1313 850 [nna.
1331 785 1387 836 111.

439 948 554 1015 sidua:
578 944 716 1031 eoquod
727 942 914 1007 differentiis
925 940 1189 1006 substantialibus
1200 942 1241 1006 ab
1252 942 1387 1007 invicem

437 1076 498 1117 non
515 1060 714 1138 separantur.
758 1048 858 1111 Porto
877 1046 930 1109 hic
950 1044 1179 1131 descriptiones
1198 1067 1258 1131 pro
1276 1045 1389 1111 delini-

435 1153 575 1221 tionibus
592 1164 678 1223 sunt‚
701 1146 881 1235 probabiles
903 1147 1033 1232 quidem
1055 1147 1167 1232 magia,
1183 1170 1249 1234 quo
1270 1146 1312 1211 ad
1334 1149 1390 1213 de·

436 1256 613 1321 finitionum
632 1252 766 1316 formam
782 1252 883 1333 magis
901 1249 1098 1313 accesserint
1141 1253 1264 1315 Earum
1280 1262 1387 1315 tamen

434 1360 535 1443 major
562 1366 609 1419 est
629 1352 837 1437 indulgentia
883 1353 945 1415 Est
966 1364 1073 1415 autem
1095 1350 1255 1438 quidlibet
1276 1349 1387 1416 secisse

433 1457 568 1533 facilius,
593 1476 690 1543 quam
720 1452 932 1517 benefecisse:
962 1452 1041 1537 quia
1069 1452 1173 1517 virtus
1201 1474 1325 1538 semper
1352 1452 1386 1515 in

433 1557 536 1623 arduo
544 1570 602 1623 cst.
626 1557 734 1635 Quum
748 1576 822 1618 vero
831 1552 872 1617 de
883 1553 1066 1619 definitione
1077 1553 1247 1633 constabit,
1260 1552 1301 1617 ad
1313 1576 1387 1617 con-

435 1654 937 1741 struendum‚destruendumque
948 1655 1158 1741 propositum,
1172 1654 1386 1720 efficacissima

435 1776 498 1829 est:
521 1762 599 1848 quia
613 1780 686 1825 cum
702 1759 771 1846 ipso
783 1758 902 1845 pariter
914 1756 1105 1835 infirmatur,
1114 1766 1172 1821 aut
1186 1756 1384 1825 convalescit.

436 2010 518 2095 Cap.
536 2015 565 2073 9.
582 2012 634 2073 De
640 2008 830 2090 problemate
840 2006 995 2085 ejusdem,
1007 2014 1037 2069 et
1050 2006 1177 2082 diversi,
1187 2004 1273 2086 quod
1281 2007 1388 2084 agita-

469 2118 526 2173 tur
536 2112 572 2173 in
584 2111 733 2191 septimo:
748 2114 779 2171 et
788 2109 971 2169 communia
982 2109 1130 2187 quedam
1144 2104 1348 2187 Topicomm.

475 2270 647 2332 Strenuus
661 2285 792 2350 quoque
810 2285 830 2327 a
844 2262 1084 2328 definitionibus
1103 2263 1233 2348 pendet,
1246 2265 1382 2330 evolvit·

431 2390 496 2454 que
510 2366 718 2453 problemata,
733 2388 807 2451 quae
826 2363 868 2429 de
882 2364 994 2430 eodem
1015 2379 1101 2441 sant,
1115 2378 1148 2431 et
1162 2366 1297 2431 diverso.
1343 2366 1383 2433 In

431 2469 529 2556 hujus
543 2480 650 2533 autem
665 2466 859 2530 discussione
873 2465 1009 2551 plurima
1022 2468 1147 2532 attritio
1160 2480 1219 2545 est,
1229 2471 1382 2554 quoniam

430 2570 658 2635 contrariarum
678 2590 851 2633 concursus
871 2568 1043 2643 rationum,
1059 2568 1230 2635 dubitandi
1249 2571 1382 2636 materia

429 2684 486 2737 est.
532 2674 693 2737 Caeterum
724 2673 807 2736 sicut
837 2673 1008 2749 diversum,
1038 2671 1083 2736 sic
1111 2685 1144 2737 et
1174 2676 1258 2738 idem
1286 2673 1383 2738 alicui

430 2774 652 2861 multipliciter
665 2772 801 2839 dicitur:
828 2794 900 2837 nam
918 2788 1092 2861 utrumque
1107 2774 1243 2854 Genere,
1259 2777 1381 2861 Specie,

429 2890 461 2941 et
478 2876 631 2941 Numero.
676 2874 739 2941 Sed
759 2896 834 2960 quae
853 2896 969 2959 genere
989 2874 1112 2940 diversa
1130 2889 1223 2941 sunt:
1249 2876 1334 2941 illico
1348 2890 1381 2941 et

429 2977 645 3066 sequentibus.
690 2978 720 3040 E
735 2989 857 3053 contra,
874 3000 949 3062 quse
963 2976 1047 3043 idem
1068 3000 1211 3059 numero,
1224 2979 1331 3044 statim
1346 2992 1380 3045 et

428 3082 552 3145 caeteris
565 3079 668 3144 modis
682 3079 847 3144 uniuntur.
883 3079 1029 3145 Maxime
1043 3080 1272 3159 indubitanter,
1288 3082 1378 3169 quod

429 3202 529 3244 unum
549 3190 598 3243 est
617 3200 760 3253 numero,
783 3192 816 3242 et
833 3179 917 3242 idem
940 3179 1047 3258 alicui,
1062 3181 1104 3247 ab
1125 3181 1274 3246 omnibus
1293 3182 1378 3247 idem

428 3277 557 3343 videtur
578 3276 659 3341 dici:
687 3299 758 3341 nam
780 3292 812 3342 et
835 3278 894 3342 boc
916 3292 1053 3343 estesse
1075 3281 1261 3366 simpliciter
1282 3283 1379 3349 idem.

430 3377 517 3443 Solet
538 3388 644 3442 autem
666 3388 699 3440 et
722 3376 781 3439 boc
803 3376 956 3461 assignari
979 3378 1218 3464 multipliciter;
1250 3383 1380 3467 proprie

427 3492 534 3545 autem
545 3490 578 3543 et
590 3477 741 3565 primum,
751 3478 1085 3562 quandonomine,vel
1097 3479 1281 3545 definitione
1292 3482 1379 3550 idem

426 3580 624 3667 assignatum
635 3576 750 3643 luerit:
773 3592 810 3643 ut
826 3580 933 3658 vestis,
948 3581 1077 3656 tunicas,
1088 3595 1121 3646 et
1136 3582 1252 3646 animal
1263 3589 1380 3668 gressi.

427 3680 491 3749 bile
506 3683 608 3769 bipes,
618 3680 749 3760 homini,
758 3695 790 3747 et
804 3681 892 3767 quod
910 3694 1021 3747 natura
1034 3682 1138 3749 fertur
1152 3706 1290 3768 sursum,
1299 3687 1377 3771 igni.

426 3786 572 3849 Tertium
600 3804 675 3845 vero
700 3782 831 3866 quando
856 3784 898 3849 ab
926 3783 1100 3863 accidente,
1127 3800 1164 3852 ut
1189 3788 1302 3855 sedens
1326 3791 1377 3855 vel

426 3884 580 3949 musicum
609 3883 749 3948 Socrati:
784 3886 891 3949 omnia
916 3886 998 3949 enim
1025 3887 1093 3952 haec
1117 3911 1215 3954 unum
1243 3912 1376 3956 numero

426 3984 538 4049 solunt
553 3984 738 4070 significare.
786 3986 943 4064 Quoniam
964 4001 1070 4054 autem
1087 4012 1197 4056 verum
1213 4004 1273 4069 est,
1288 3994 1377 4081 quod

424 4108 510 4151 nunc
542 4086 663 4151 dictum
694 4098 753 4163 est,
783 4110 823 4153 ex
856 4093 1114 4175 permutantibus
1147 4093 1375 4179 appellationes

424 4188 541 4276 aliquis
569 4186 729 4253 addiscet:
768 4210 852 4273 saepe
880 4192 966 4256 enim
996 4194 1217 4279 praecipientes
1246 4197 1372 4261 nomine
1466 4210 1475 4217 '

425 4313 538 4355 vocare
572 4289 711 4375 aliquem
748 4289 939 4372 sedentium,
970 4310 1208 4381 permutamus3
1248 4300 1375 4385 quando

426 4392 508 4457 forte
529 4414 591 4456 non
612 4390 815 4477 intelligitis,
831 4394 882 4458 cui
904 4413 1103 4486 preceptum
1127 4402 1272 4482 facimus,
1287 4402 1374 4468 velut
