3625 5317
666 804 745 855 vrrs
761 809 876 855 ssscrr
894 804 1048 856 ausam.
1266 800 1330 859 355

375 969 485 1046 raptus
506 961 687 1026 infirmitate
713 962 769 1026 din
790 963 973 1045 languerat3
1003 973 1035 1026 et
1055 964 1185 1028 omnino
1207 985 1273 1050 quo
1295 987 1329 1031 ss

373 1073 508 1128 verteret
527 1065 597 1148 opis
617 1065 717 1147 gratia
735 1065 914 1144 ignorabat.
959 1063 1169 1130 Postmodum
1190 1087 1265 1131 raro
1288 1068 1330 1131 ad

373 1176 483 1230 notam
496 1167 584 1232 beati
600 1167 744 1231 Anselmi
766 1167 918 1250 pietatem
932 1176 1001 1232 tota
1021 1190 1056 1232 se
1074 1171 1213 1233 contulit
1234 1170 1330 1234 dero-

374 1268 473 1333 tione.
502 1269 640 1334 Ducitur
650 1270 691 1334 ad
706 1271 849 1333 tumbam
864 1271 953 1352 ejus3
976 1282 1008 1333 et
1021 1272 1110 1334 humi
1121 1271 1212 1335 susus
1227 1281 1330 1337 atten-

372 1369 438 1433 tius
461 1381 540 1448 orat,
562 1381 599 1433 ut
619 1370 758 1433 ecclesia
779 1379 834 1432 aut
858 1390 917 1452 per
937 1370 1172 1433 convalentiam
1194 1381 1250 1435 aut
1272 1393 1330 1457 per

374 1470 537 1536 interitum
565 1471 668 1556 ipsius
698 1479 933 1534 exoneraretur.
988 1470 1192 1534 Desiderium
1221 1472 1330 1537 cordis

374 1572 445 1656 ejus
460 1573 583 1637 audivit
594 1573 793 1648 Altissimus3
816 1571 1110 1655 etquiAnselmum
1121 1573 1330 1651 invocaverat,

374 1675 538 1738 restitutus
558 1688 607 1738 est
628 1673 767 1737 sanitati.
812 1673 872 1734 Vir
891 1673 1022 1750 nobilis,
1043 1673 1136 1737 miles
1154 1676 1275 1759 probus
1296 1687 1330 1740 et

376 1776 487 1839 multis
500 1786 607 1852 notus,
620 1773 812 1838 Humsridus
826 1775 967 1851 nomine,
979 1775 1089 1858 lapsus
1103 1774 1136 1837 in
1152 1775 1330 1860 hydropem

375 1877 417 1940 ab
438 1878 588 1941 omnibus
610 1875 745 1940 medicis
770 1877 813 1939 ob
840 1869 1093 1960 desperationem
1119 1877 1250 1941 relictus
1272 1889 1330 1943 est

375 1977 442 2041 Hic
453 1979 638 2042 Anselmum
656 1977 822 2056 dilexerat,
835 1997 895 2040 nec
913 1977 997 2040 elabi
1008 1988 1133 2060 poterat
1146 1999 1165 2040 a
1178 1980 1330 2044 memoria

375 2079 453 2162 ejus.
506 2079 648 2160 Rogavit
681 2078 790 2160 itaque
825 2077 1018 2142 monachum
1053 2075 1329 2155 cantuariensem,

376 2181 580 2264 Haymonem
595 2179 737 2256 nomine,
751 2180 792 2242 ah
808 2179 942 2263 antiquo
962 2178 1025 2241 sibi
1040 2189 1151 2243 notum
1166 2181 1272 2244 venire
1287 2180 1330 2245 ad

375 2301 421 2359 se,
435 2293 471 2344 ut
485 2282 534 2346 vel
546 2280 660 2344 animae
675 2301 741 2344 suoe
753 2282 982 2344 consuleretur.
1012 2279 1114 2343 Adest
1127 2281 1193 2358 ille,
1204 2291 1237 2344 et
1250 2282 1330 2347 sorte

375 2403 482 2446 secum
505 2382 592 2446 beati
607 2381 751 2445 Ansclmi
773 2380 937 2463 cingulum
954 2379 1078 2445 detulit.
1122 2382 1219 2455 Quod
1237 2381 1330 2447 deos·

374 2485 487 2547 culans
498 2484 589 2546 miles
599 2483 764 2566 premissa
774 2502 870 2565 prece
882 2481 945 2545 sibi
953 2481 1194 2548 circumducere
1203 2485 1330 2561 nititur,

374 2583 431 2648 sed
442 2582 497 2646 vix
508 2604 574 2666 prae
585 2592 708 2645 tumore
720 2602 755 2644 se
766 2582 952 2662 contingere
963 2593 1110 2664 poterant
1122 2584 1329 2647 summitates.

374 2683 496 2748 Verum
510 2683 589 2746 miro
605 2681 702 2745 modo
717 2682 835 2743 sensim
852 2681 953 2762 coepit
967 2680 1187 2744 detumescere
1202 2701 1331 2766 corpus,

373 2795 407 2850 et
428 2785 463 2849 in
485 2783 661 2846 naturalem
683 2779 795 2843 reduci
816 2790 944 2842 statum.
988 2779 1085 2851 Quod
1108 2781 1163 2844 ille
1190 2783 1331 2848 renuens

373 2905 433 2969 per
461 2880 570 2945 omnia
595 2879 737 2944 membra
766 2879 930 2960 cingulum
959 2879 1193 2957 circumduxit3
1227 2891 1260 2944 et
1287 2880 1330 2947 ad

375 2981 568 3049 sanctissimi
590 2979 783 3045 confessoris
801 2981 930 3042 titulum
951 2979 1084 3062 integrae
1097 2982 1261 3047 restitutus
1282 2994 1332 3048 est

375 3084 512 3148 sanitati.
557 3081 707 3163 Lugduni
732 3080 820 3164 apud
850 3092 997 3144 sanctum
1024 3083 1181 3146 Irenaeum
1206 3085 1332 3150 inclusa

373 3184 525 3270 quasdam
550 3182 724 3248 admodum
749 3181 900 3264 religiosa
929 3203 963 3246 se
993 3181 1133 3266 quadam
1162 3197 1259 3249 nocte
1287 3187 1330 3250 ad

375 3287 523 3350 thronum
547 3295 712 3370 perpetuas
734 3284 864 3365 virginis
886 3284 965 3349 vidit
986 3284 1122 3362 adduci3
1150 3287 1208 3350 ubi
1231 3309 1330 3372 quum

373 3384 514 3471 plurima
524 3382 666 3446 audisset
676 3392 709 3445 et
723 3380 856 3446 vidisset
869 3384 1057 3447 admiranda
1068 3385 1178 3467 patriae
1189 3389 1332 3453 coelestis

374 3485 552 3572 praeconiar
575 3483 722 3568 quaesivit
733 3483 816 3546 inter
830 3492 959 3563 cratera,
971 3485 1123 3569 quidnam
1134 3488 1331 3569 sperandum

376 3599 463 3654 esset
496 3587 537 3652 de
566 3588 709 3667 Hugone
744 3585 988 3670 archiepiscopo
1018 3585 1237 3666 Lugdunensi.
1282 3589 1331 3652 At

376 3688 465 3770 virgo
485 3686 634 3768 genitrix,
654 3687 674 3718 “
687 3685 807 3758 Bene,”
822 3683 937 3768 inquit,
958 3685 978 3716 “
990 3683 1068 3756 filia,
1093 3685 1178 3748 hene
1199 3685 1247 3748 illi
1271 3689 1331 3752 crit

375 3809 433 3871 par
447 3787 582 3868 gratiam
596 3785 688 3849 Dei.”
718 3787 764 3848 Et
777 3785 904 3848 inclusa
918 3783 1076 3868 subjecit:
1101 3785 1123 3816 ‘⁴
1133 3785 1185 3848 De
1199 3784 1329 3852 domino

375 3907 447 3950 meo
460 3886 611 3949 Anselrno
621 3885 843 3948 cantuariensi
856 3884 1113 3969 archiepiscopo,
1122 3885 1251 3950 domina
1259 3911 1331 3953 mea

375 3987 497 4068 regina,
518 3982 595 4069 quid
616 3984 750 4046 sentiam
759 3979 790 4044 l'
821 3984 882 4047 Cui
906 3983 1055 4048 domina:
1082 3986 1164 4048 “De
1185 3987 1241 4049 illo
1264 4009 1331 4052 cer·

376 4087 498 4151 tissima
516 4097 597 4161 esto,
612 4083 698 4168 quod
718 4084 932 4167 proculdubio
954 4085 988 4148 in
1006 4107 1124 4167 magna
1144 4085 1246 4167 gloria
1267 4088 1330 4154 Dei

376 4185 458 4251 est.'’

420 4287 514 4352 Unus
536 4309 655 4366 eorum,
679 4287 735 4371 qui
757 4288 787 4349 ei
809 4286 913 4350 fuerat
935 4287 1108 4365 familiaris,
1129 4287 1244 4352 eodem
1267 4290 1331 4353 fere

379 4399 521 4471 tempore
542 4389 677 4451 similem
701 4387 779 4451 sidit
799 4387 833 4449 in
856 4389 972 4470 Anglia
993 4388 1159 4452 visionem.
1205 4391 1330 4453 Patrem

804 4509 825 4550 a
841 4494 895 4552 αἳ
