3625 5317
481 764 532 823 ,94
748 774 884 819 ioannis
900 768 1176 817 sanasnamsusrs
1303 758 1388 837 [arn.
1404 775 1438 819 11.

488 926 617 993 omnino
643 926 813 991 verendum
842 924 1015 989 dialecticis
1044 924 1230 1008 hujusmodi
1254 924 1297 987 ad
1324 944 1434 987 nomen

425 1053 431 1061 ·
490 1026 667 1113 disputare,
694 1026 752 1089 nisi
778 1026 853 1111 quis
878 1025 971 1089 aliter
996 1046 1059 1088 non
1086 1024 1186 1109 possit
1212 1024 1253 1088 de
1276 1024 1438 1111 proposito

491 1130 663 1216 disputare.
710 1130 791 1193 Sane
806 1127 837 1191 in
853 1128 1008 1201 articulis,
1026 1126 1081 1191 ubi
1097 1125 1272 1209 plurimum
1288 1126 1439 1191 dissidere

491 1232 652 1306 videntur,
664 1229 745 1295 alter
760 1227 891 1293 alterius
906 1228 1199 1313 interpretationem
1215 1228 1371 1304 admittit,
1381 1228 1437 1291 etsi

491 1356 559 1399 eam
575 1332 745 1397 contendat
760 1354 827 1395 esse
842 1330 993 1414 ineptam.
1034 1332 1150 1416 ltaque
1165 1329 1301 1394 vicissim
1316 1329 1437 1393 ducunt

491 1436 521 1499 in
537 1435 667 1499 crimine
683 1454 868 1508 sermonem,
885 1454 947 1495 non
963 1454 1089 1497 sensum
1104 1430 1256 1495 alienum.

549 1698 628 1785 Cap.
649 1701 698 1759 19.
721 1696 765 1759 In
780 1716 842 1778 quo
857 1714 922 1757 non
937 1695 979 1755 sit
991 1692 1192 1775 parcendam
1207 1692 1385 1755 doctoribus

871 1796 1063 1877 hujusmodi.

536 1958 596 2021 Str
620 1978 695 2037 ergo
720 1952 807 2039 quod
833 1953 998 2019 sententiis
1022 1975 1161 2039 parcam,
1188 1954 1219 2019 in
1241 1954 1361 2039 quibus
1383 1976 1437 2018 nec

491 2057 563 2143 ipsi,
577 2056 603 2119 si
618 2052 892 2139 interpretationes
912 2055 1046 2119 invicem
1062 2077 1241 2141 supponere
1256 2054 1360 2130 liceat,
1376 2056 1437 2119 alis·

491 2160 612 2224 sident:
637 2178 738 2243 pauca
755 2171 858 2220 tamen
880 2157 1008 2220 suntin
1029 2156 1149 2241 quibus
1163 2157 1208 2219 eis
1223 2179 1284 2220 non
1304 2157 1439 2221 arbitror

490 2256 730 2345 ignoscendum.
792 2257 935 2321 Primum
966 2256 1053 2343 quod
1090 2278 1187 2321 onera
1223 2257 1437 2342 importabilia

491 2360 606 2426 teneris
644 2356 824 2422 auditorum
872 2356 1013 2420 humeris
1051 2360 1229 2443 imponunt.
1303 2358 1437 2437 Deinde,

491 2460 579 2548 quod
617 2458 751 2523 docendi
787 2458 898 2522 ordine
939 2458 1162 2543 praetermisso,
1197 2458 1438 2543 diligentissime

490 2572 613 2635 cavent,
640 2580 680 2623 ne
709 2556 834 2643 siaguls
862 2578 1000 2641 quoequa
1023 2560 1126 2623 locum
1156 2566 1297 2633 teneant,
1327 2564 1440 2623 sortita

491 2664 656 2729 ammte.-
686 2661 779 2725 linem
805 2660 888 2724 enim
914 2661 1004 2737 artis,
1028 2676 1067 2725 ut
1088 2660 1134 2725 sic
1154 2660 1301 2741 dixerim,
1328 2660 1440 2746 legunt

492 2764 524 2831 iu
562 2762 670 2839 titulo,
698 2776 732 2825 et
761 2782 823 2827 nou
857 2760 954 2825 modo
989 2761 1195 2846 Topioorum,
1225 2761 1280 2825 sed
1318 2763 1440 2849 Analy-

492 2866 629 2933 ticorum
653 2878 685 2931 et
711 2862 924 2929 Elenohorum
952 2862 1015 2927 vim
1043 2862 1243 2949 Porphyrius
1268 2862 1439 2948 praedooet.

492 2972 656 3035 Postremo
681 2966 768 3054 quod
792 2966 884 3052 quasi
906 2965 949 3029 ab
971 2963 1104 3029 adverso
1128 2978 1283 3050 petentes,
1308 2966 1440 3031 veniunt

491 3080 752 3135 contrementem
777 3064 926 3145 auctoris,
940 3077 973 3129 et
990 3076 1027 3129 ut
1043 3066 1233 3132 Aristoteles
1252 3065 1376 3152 planior
1389 3067 1440 3144 sit,

492 3168 634 3235 Platonis
649 3168 836 3231 seutentiam
852 3166 978 3246 docent,
992 3180 1050 3232 aut
1069 3189 1231 3231 erroneam
1247 3167 1438 3253 opinionem,

491 3289 566 3354 quoe
595 3288 691 3350 aequo
719 3286 825 3329 errore
840 3266 948 3331 deviat
972 3290 991 3330 a
1017 3270 1171 3333 sententis
1199 3270 1383 3334 Aristotelis
1407 3284 1440 3335 et

492 3367 642 3437 Platonis.
691 3366 854 3452 Siquidem
870 3389 979 3433 omnes
994 3370 1195 3437 Aristotelem
1211 3372 1415 3456 profitentur.

492 3626 570 3711 Cap.
581 3631 633 3689 20.
650 3626 817 3689 Sententia
827 3625 1269 3709 Aristotellsdegeneribusel
1279 3630 1439 3711 speciebus

533 3730 772 3791 circumuallata
785 3730 966 3791 rationibus
980 3730 1101 3805 multis,
1117 3736 1147 3792 et
1162 3733 1338 3793 multorum
1355 3732 1441 3793 testi-

535 3830 638 3891 monio
650 3850 694 3892 sor
702 3832 898 3912 iplurnrnm.

535 3963 650 4025 Pontio
664 3959 727 4037 hic,
742 3984 858 4045 genera
877 3976 910 4027 et
929 3964 1048 4050 species
1063 3986 1124 4028 non
1140 3988 1219 4044 esse,
1234 3966 1289 4031 sed
1305 3965 1438 4051 intelligi

493 4071 617 4125 tantum
634 4060 772 4125 asseruit.
818 4061 903 4137 Quid
920 4085 997 4147 ergo
1011 4062 1134 4127 adrem
1153 4066 1268 4130 attinet
1283 4088 1439 4152 quoerere‚

492 4164 571 4247 quid
588 4182 696 4245 genua
709 4161 803 4239 sit,'si
819 4162 899 4229 illud
922 4165 1051 4229 omnino
1066 4188 1129 4229 uon
1148 4190 1216 4231 esse
1238 4168 1440 4234 constiterit?

494 4266 533 4329 ln
559 4288 596 4329 eo
623 4264 718 4339 enim,
744 4264 830 4345 quod
855 4288 916 4329 non
943 4281 1003 4344 est,
1026 4268 1133 4353 inepte
1155 4271 1325 4354 queritur,
1348 4270 1441 4357 quid,

492 4380 659 4451 quantum,
674 4377 731 4429 aut
750 4364 845 4450 quale
865 4381 928 4431 est:
953 4366 1077 4431 sienim
1098 4370 1307 4436 substantiam
1329 4371 1442 4437 tuleris
