3625 5317
488 806 546 863 tto
738 816 873 861 ioannis
889 814 1167 861 sinemurensem
1283 798 1366 877 [am.
1384 818 1437 864 m.

485 968 592 1033 toricis
613 970 703 1033 testis
724 982 783 1045 est,
800 968 945 1033 Socrates
967 967 1028 1031 hoc
1048 966 1294 1051 argumentandi
1314 990 1434 1054 genere

484 1069 658 1156 sepissime
669 1071 828 1135 utebatur.
859 1071 1022 1135 Caeterum
1034 1090 1136 1154 quum
1147 1069 1436 1156 exemploodpro·

483 1168 623 1235 bamlum
647 1169 737 1255 quid,
759 1182 814 1234 aut
836 1167 931 1255 plura
952 1168 1110 1243 ferantur,
1130 1183 1186 1233 aut
1207 1169 1435 1254 singuleooo·

484 1270 642 1336 venientia
665 1293 733 1335 esse
754 1269 883 1350 debent,
907 1285 941 1335 et
961 1294 1002 1335 ex
1022 1271 1142 1356 quibus
1162 1269 1297 1337 scimusr
1327 1273 1436 1359 qualis

484 1374 656 1451 Homerus,
671 1392 733 1435 non
750 1372 856 1458 qtrnlie
876 1370 1049 1439 Cherillus.
1093 1372 1129 1437 Si
1150 1386 1257 1439 autem
1270 1374 1314 1439 ab
1327 1388 1437 1439 ancto-

484 1472 573 1539 ribus
594 1487 861 1553 transsumantur,
883 1475 1027 1539 Homero
1048 1473 1177 1560 quidem
1202 1476 1348 1553 Grecos,
1370 1479 1434 1541 Ia·

484 1574 573 1641 tinus
592 1589 701 1640 autem
725 1575 861 1661 Virgilio
885 1590 998 1641 utatur
1022 1592 1055 1641 et
1081 1578 1229 1641 Lucano:
1259 1575 1435 1642 domestice

484 1697 622 1763 namque
636 1674 782 1761 exempla
802 1676 903 1760 magis
921 1690 1061 1751 movent,
1076 1689 1109 1740 et
1123 1676 1247 1761 igama
1260 1675 1433 1742 dubiorum

484 1800 546 1843 non
562 1778 683 1844 iaciunt
700 1776 795 1841 iidem
816 1778 826 1796 ⁶
853 1778 906 1843 Ad
921 1777 1164 1843 occultationem
1178 1800 1255 1842 vero
1268 1779 1435 1864 propositi,

483 1878 581 1945 immo
592 1894 627 1945 ut
644 1896 778 1966 uterque
793 1878 1016 1965 gignadiorum
1029 1880 1095 1944 noti
1110 1900 1241 1965 compos
1254 1879 1380 1945 facilius
1392 1880 1434 1945 sit

482 1981 674 2057 idiotismus,
686 1994 717 2044 et
732 1979 978 2055 orthonoismus,
991 1979 1138 2066 perutilis
1148 1994 1206 2044 est.
1238 1984 1285 2047 Ut
1296 1994 1435 2067 uterque

483 2082 600 2147 scilicet
617 2083 661 2145 sic
671 2096 771 2145 artem
787 2080 976 2162 dissimulet,
987 2082 1073 2167 quod
1085 2096 1143 2146 aut
1156 2104 1225 2147 eam
1242 2104 1303 2146 non
1315 2078 1435 2147 lrs'bere

483 2182 641 2260 credatur,
664 2197 719 2246 aut
743 2180 831 2266 quod
856 2180 965 2246 habita
987 2182 1065 2247 nolit
1090 2186 1149 2249 uti.
1195 2184 1327 2270 Semper
1346 2184 1432 2249 euim

483 2296 629 2369 suspects
643 2296 692 2347 est
712 2284 790 2347 artis
810 2283 1000 2347 ostentatio:
1024 2298 1056 2349 et
1071 2298 1215 2349 econtra
1234 2283 1359 2350 facilius
1375 2284 1433 2349 ad-

482 2383 669 2461 mittuntur,
685 2385 737 2447 via
752 2381 885 2468 simplici
899 2385 1091 2469 gradientes.
1123 2385 1186 2450 Sed
1201 2408 1269 2473 prre
1282 2387 1435 2451 omuibus

483 2484 610 2570 utrique
639 2484 769 2571 expedit
798 2506 887 2549 nosse
917 2484 1065 2562 fideliter,
1094 2487 1178 2551 circa
1213 2487 1293 2573 quid
1322 2486 1432 2552 confli-

481 2586 625 2671 gentium
640 2598 782 2650 versetur
792 2584 938 2651 intentio.
977 2585 1142 2671 Siquidem
1159 2609 1221 2651 non
1233 2585 1319 2652 facto
1332 2589 1432 2653 mani·

482 2686 568 2754 festo
582 2688 661 2777 quid
678 2702 723 2753 est
741 2687 828 2774 quod
847 2687 987 2774 positum
1002 2702 1065 2765 est,
1080 2710 1142 2753 oon
1162 2702 1210 2753 est
1230 2689 1322 2753 tacite
1335 2712 1433 2775 argir-

482 2792 634 2857 mentari:
659 2812 730 2855 nnm
753 2810 792 2853 ex
809 2790 879 2870 hoc,
895 2790 945 2854 vel
966 2790 1007 2854 ad
1032 2812 1158 2866 nomen,
1172 2805 1230 2855 aut
1244 2812 1329 2876 saepe
1343 2791 1432 2856 nulla

482 2906 530 2959 est
554 2892 740 2981 disputatio.
797 2890 893 2957 Retio
919 2892 1002 2956 euim
1030 2891 1212 2957 nonhabet
1239 2913 1432 2977 processum,

482 2996 542 3062 nisi
557 2996 738 3061 intellectus
752 2994 973 3059 altercantium
997 2992 1091 3059 alicui
1113 2990 1269 3059 innitatur
1287 2994 1432 3061 articulo.

484 3098 566 3162 Nam
590 3114 625 3165 ut
648 3098 790 3163 obviatio
812 3096 864 3175 sit,
885 3118 1010 3160 necesse
1032 3110 1080 3161 est
1101 3095 1233 3161 eandem
1256 3097 1317 3161 teri
1339 3096 1431 3163 viam.

483 3200 573 3283 Ergo
584 3214 640 3263 aut
654 3220 716 3261 una
727 3198 823 3261 debet
835 3220 902 3260 esse
914 3198 1132 3281 iuterrogatio,
1145 3212 1201 3264 sut
1213 3199 1433 3286 multiplicitas

483 3299 546 3364 suis
567 3312 614 3362 cst
638 3297 814 3361 rationibus
836 3296 1072 3381 distinguenda.
1117 3299 1214 3365 Unde
1234 3303 1431 3379 Aristotelea,

482 3401 633 3483 quoniam
648 3405 756 3461 eutem
775 3418 956 3461 concessum
969 3406 1018 3463 eet
1030 3402 1244 3482 respondenti,
1261 3425 1322 3467 non
1337 3402 1433 3467 intel·

480 3501 603 3587 ligeriti,
620 3500 735 3581 dicere,
749 3499 898 3587 quoniam
914 3521 977 3563 uon
992 3500 1145 3586 intelligo,
1162 3517 1194 3567 et
1211 3503 1431 3590 multipliciter

483 3604 580 3681 dicto,
596 3626 657 3669 non
674 3626 713 3667 ex
731 3603 915 3668 necessitate
937 3602 1091 3685 confiteri,
1106 3605 1156 3669 vel
1171 3628 1302 3689 negare:
1325 3605 1432 3691 palam

482 3708 631 3795 quoniam
666 3708 803 3794 primum
842 3706 985 3793 quidem,
1014 3707 1074 3771 nisi
1111 3705 1240 3794 planum
1269 3705 1311 3770 sit
1339 3710 1429 3793 quod

481 3809 608 3891 dicitur,
621 3832 681 3873 uon
699 3808 916 3895 pigritandum
929 3807 1120 3885 diceremus
1134 3810 1321 3890 intelligere.
1344 3814 1429 3875 Nam

481 3934 564 3998 saepe
588 3934 627 3977 ex
658 3910 807 3996 eoquod
834 3932 896 3973 non
923 3910 1017 3996 plane
1042 3911 1314 3994 interrogantibus
1339 3911 1430 3990 dant,

479 4015 588 4081 obviat
604 4013 731 4100 aliquod
748 4010 884 4077 difficile.
931 4012 966 4077 Si
982 4029 1088 4078 autem
1104 4025 1214 4077 notum
1230 4013 1360 4099 quidem
1376 4015 1429 4092 sit,

479 4115 696 4203 multipliciter
721 4126 826 4177 atttern
858 4114 992 4191 dictum,
1017 4116 1042 4178 si
1065 4116 1098 4177 in
1123 4116 1272 4179 omuibus
1294 4115 1426 4201 quidum

478 4240 587 4284 verum
605 4216 653 4280 vel
678 4214 791 4279 salsum
816 4217 868 4290 sit,
884 4215 971 4299 quod
994 4215 1123 4290 dicitur,
1139 4216 1282 4281 dandum
1306 4214 1425 4300 simpli-

478 4321 566 4396 citer,
589 4318 639 4383 vel
662 4315 851 4401 negandum.
898 4318 932 4380 Si
949 4338 1023 4380 vero
1046 4320 1078 4379 iu
1101 4316 1210 4402 aliquo
1233 4318 1272 4382 sit
1296 4318 1424 4389 salsum,

477 4422 509 4486 iu
532 4421 640 4507 aliquo
662 4433 768 4485 autem
792 4440 914 4494 verum,
937 4417 1177 4501 significandum
1202 4437 1247 4483 est
1272 4420 1425 4504 quonism
