3625 5317
415 758 563 837 canan]
786 770 1025 817 usratonrcus.
1322 760 1362 819 al

416 924 521 989 Graeci
542 946 610 989 eam
635 923 745 1006 μέθοδον
765 922 889 1001 dicunt,
912 922 1005 1007 quasi
1027 922 1295 1008 compendiariam
1315 947 1365 988 ra·

414 1023 1365 1114 tionem,qurenaturaevitetdispendium,etamfractuosum

411 1125 480 1211 ejus
495 1129 663 1195 circuitum
686 1128 815 1214 dirigat,
832 1140 868 1193 ut
891 1125 981 1214 quod
996 1127 1064 1191 fieri
1086 1127 1229 1214 expedit,
1250 1128 1368 1194 rectius

411 1242 444 1293 et
466 1229 591 1295 facilius
613 1232 680 1295 frat.
725 1234 851 1295 Natura
873 1228 971 1305 enirn,
994 1229 1139 1315 quamvis
1166 1228 1284 1309 vivida,
1306 1230 1366 1294 nisi

410 1332 589 1411 erudiatur,
614 1333 653 1397 ad
670 1331 747 1397 artis
769 1330 952 1397 facilitatem
979 1354 1042 1396 non
1070 1331 1226 1417 pervenit,
1246 1333 1363 1397 artium

411 1447 517 1499 tamen
534 1435 676 1499 omnium
697 1454 811 1519 parens
833 1445 892 1509 est,
908 1432 1029 1518 cisque,
1052 1453 1119 1517 quo
1140 1431 1319 1517 proficiant,
1333 1446 1365 1495 et

410 1536 628 1621 perficiantur,
644 1536 700 1600 dat
717 1532 909 1599 nutriculam
925 1534 1089 1598 rationem.
1133 1534 1266 1600 Excitat
1281 1536 1364 1597 enim

410 1638 515 1721 primo
530 1638 694 1722 ingenium
706 1636 746 1699 ad
764 1658 813 1699 res
824 1634 948 1719 aliquas
958 1634 1193 1719 percipiendas:
1217 1649 1249 1699 et
1265 1658 1365 1720 quum

412 1760 465 1801 cas
480 1738 668 1823 perceperit,
690 1736 822 1821 deponit
842 1736 934 1820 quasi
957 1735 990 1798 iu
1006 1734 1153 1799 custodia
1167 1750 1201 1798 et
1217 1736 1367 1799 thesauro

410 1839 594 1905 memoriae:
619 1838 700 1902 ratio
716 1860 792 1901 vero
805 1859 880 1922 quae
894 1847 1056 1921 percepta,
1070 1847 1103 1900 et
1113 1836 1366 1901 commendanda

410 1939 463 2003 vel
477 1938 695 2004 commendata
712 1951 797 2015 sunt,
814 1936 922 2002 studio
932 1936 1079 2023 diligenti
1094 1937 1264 2015 examinat,
1278 1949 1311 2004 et
1326 1962 1365 2003 ex

410 2056 526 2109 natura
540 2044 749 2128 singulorum,
765 2042 805 2107 de
823 2040 960 2128 singulis
979 2042 1052 2121 (nisi
1074 2042 1160 2107 forte
1178 2041 1308 2109 labatur
1330 2044 1362 2109 in

408 2147 542 2233 aliqum)
572 2168 682 2211 verum
712 2144 845 2234 profert,
879 2144 1167 2231 incorruptumque
1192 2144 1364 2230 judicium.

410 2250 493 2313 Haec
510 2248 570 2314 tria
584 2246 725 2335 quidem,
740 2246 832 2335 qnasi
847 2248 990 2312 omnium
1006 2246 1123 2311 artium
1144 2245 1363 2324 fundamenta,

409 2364 441 2416 et
450 2352 670 2431 instrumenta,
679 2362 795 2413 natura
804 2350 985 2436 praemittit.
1011 2350 1071 2413 Est
1081 2361 1189 2412 autem
1200 2349 1363 2435 ingenium

410 2458 462 2536 (ut
494 2451 619 2517 Isidoro
644 2450 762 2538 placet)
793 2451 840 2515 vis
864 2450 1011 2539 quaedam
1039 2450 1145 2515 animo
1175 2450 1365 2516 naturaliter

409 2554 515 2629 insita,
538 2576 643 2639 perse
659 2554 776 2617 valens.
824 2554 897 2618 Hoc
917 2566 1023 2618 nutem
1042 2552 1222 2639 exprimere
1236 2553 1365 2620 videtur

409 2652 471 2719 ista
496 2654 680 2740 descriptio,
706 2654 793 2740 quod
823 2667 940 2719 natura
969 2654 1075 2719 animo
1105 2654 1170 2716 rim
1200 2655 1362 2740 quandam

408 2752 538 2834 indidit,
561 2778 636 2841 quae
666 2767 723 2819 aut
752 2753 934 2841 primitivus
960 2766 1067 2817 motus
1089 2753 1203 2819 animae
1224 2767 1284 2831 est,
1307 2766 1366 2820 aut

409 2864 530 2919 motum
557 2854 677 2920 excitat
699 2853 911 2941 primitivum,
933 2874 1029 2937 quern
1052 2853 1160 2915 anima
1180 2869 1306 2918 exercet
1329 2855 1362 2918 in

409 2978 516 3020 rerum
531 2954 786 3041 investigatione.
824 2952 922 3017 Unde
933 2966 965 3016 et
980 2974 1037 3039 per
1053 2951 1224 3031 sedicitur,
1241 2954 1364 3033 Valeria,

409 3078 447 3119 eo
461 3054 551 3139 quod
567 3054 685 3119 nullius
694 3052 903 3140 praecedentis
915 3074 1006 3139 opem
1019 3065 1196 3138 exspectat,
1206 3068 1237 3118 et
1253 3078 1363 3121 omnes

408 3153 574 3239 praevenit,
597 3165 628 3218 et
646 3156 741 3241 juvat
764 3154 1010 3239 subsequentes:
1033 3152 1186 3238 praecedit
1208 3154 1290 3219 eninr
1314 3157 1362 3221 in-

409 3254 575 3339 vestigatio
584 3256 906 3344 comprehensionem,
921 3255 1196 3336 examinationem,
1211 3270 1242 3324 et
1255 3272 1362 3325 custo·

407 3356 493 3423 diam
524 3356 665 3423 omnium
697 3356 909 3423 sciendorum.
954 3356 1072 3443 Itaque
1101 3357 1315 3443 proficiscitur
1343 3385 1362 3428 a

408 3473 546 3533 natura;
571 3459 678 3525 studio
681 3460 829 3545 juvatur,
844 3473 876 3523 et
888 3458 1056 3525 exercitio:
1080 3475 1118 3525 ut
1131 3460 1217 3547 quod
1234 3461 1362 3528 difficile

406 3561 510 3627 fuerat
521 3560 555 3627 in
565 3563 668 3648 prima
680 3560 861 3645 agitatione,
874 3562 916 3625 ab
926 3558 1113 3627 assiduitate
1122 3583 1199 3627 usus
1209 3564 1362 3630 reddatur

409 3662 552 3741 facilium
574 3677 605 3728 et
622 3686 720 3749 quum
734 3661 863 3749 regulas
878 3659 938 3725 hoc
950 3659 1087 3726 faciendi
1103 3661 1360 3752 deprehenderit,

407 3759 474 3841 fiat,
489 3761 550 3825 nisi
566 3760 786 3825 desuetudinis
806 3776 838 3826 et
861 3762 1067 3849 negligentiae
1087 3778 1198 3852 torpor
1217 3767 1362 3847 obsistat,

407 3861 607 3928 facillimum.
649 3864 1361 3954 Ethaecquidenrestomniumorigoartium,

409 3975 447 4025 ut
462 3984 562 4047 quum
579 3976 695 4029 natura
709 3966 882 4051 perjacens,
900 3988 995 4031 usum
1012 3982 1045 4033 et
1059 3970 1246 4036 exercitium
1262 3971 1361 4037 studii

408 4063 544 4149 peperit,
569 4088 644 4131 usus
663 4081 695 4132 et
715 4068 900 4133 exercitatio
922 4085 1045 4144 artem
1069 4089 1259 4151 creantem,
1280 4096 1361 4150 eam,

408 4163 449 4229 de
463 4187 530 4250 qua
544 4188 628 4231 nunc
644 4170 762 4253 agitur,
782 4169 978 4237 facultatem.
1024 4173 1116 4238 Valet
1126 4174 1241 4259 ‘itaque
1256 4196 1313 4260 per
1329 4196 1362 4236 se

408 4268 585 4353 ingenium,
605 4271 801 4355 exercitatio,
822 4296 861 4337 ex
883 4296 944 4339 usu
967 4275 1009 4340 ab
1030 4286 1168 4363 utroque
1186 4278 1360 4348 memoria;

406 4384 436 4435 et
448 4371 488 4436 nb
499 4370 549 4435 his
560 4371 656 4437 etiam
664 4373 733 4459 ipsa
742 4375 824 4441 ratio
833 4375 1032 4451 convalescit,
1043 4390 1192 4458 artesque
1202 4374 1362 4458 producit,
