3625 5317
454 771 519 830 876
712 785 848 830 scansus
863 783 1140 830 sanasserususrs

456 938 553 1001 nibus
582 939 749 1022 impiorum
781 939 898 1001 obtulit
926 939 1101 1022 proprium.
1156 937 1236 1018 [cut
1266 959 1407 1020 unquam

457 1039 598 1121 martyrii
613 1040 722 1102 titulus
738 1040 845 1102 extitit
858 1039 1063 1119 gloriosiori]

501 1136 572 1202 Nec
593 1139 686 1202 licuit
704 1139 857 1202 ministris
878 1140 1007 1203 Satanae
1021 1141 1056 1202 in
1070 1139 1289 1202 immolatione
1312 1138 1407 1202 disci·

457 1241 523 1322 puli
539 1251 571 1302 et
587 1240 679 1316 servi,
694 1239 783 1322 quod
797 1242 1003 1323 praeambulis
1017 1262 1127 1304 eornm
1142 1242 1177 1304 in
1194 1241 1408 1304 crucifixione

455 1341 596 1424 magistri
619 1353 652 1404 et
682 1342 825 1404 Domini.
870 1341 1018 1405 Christus
1038 1343 1135 1420 enim,
1165 1363 1205 1404 ne
1234 1341 1407 1404 t‘oedaretur

457 1443 581 1521 civitas,
601 1465 643 1506 ne
664 1444 858 1526 pollueretur
878 1445 1059 1520 sabbatum,
1074 1465 1092 1506 e
1108 1443 1235 1526 judicio
1256 1443 1333 1506 licet
1347 1443 1407 1506 ini·

458 1567 523 1629 quo
553 1545 800 1630 praedamnatus,
823 1547 1077 1629 qualemcunque
1101 1544 1263 1625 allegandi
1286 1565 1345 1627 pro
1374 1565 1408 1607 se

456 1659 626 1730 acceperat
647 1647 841 1724 facultatem,
857 1657 891 1710 et
911 1649 953 1709 ab
974 1648 1053 1709 urbe
1072 1645 1210 1708 eductus
1231 1659 1322 1708 extra
1335 1666 1409 1729 por·

457 1761 522 1811 tam
543 1749 720 1812 cmcilixus
741 1761 801 1826 est,
822 1747 997 1812 ministerio
1020 1748 1129 1831 ntique
1152 1748 1330 1828 gentilium,
1351 1746 1409 1830 qui

457 1848 564 1911 Deum
584 1869 649 1911 non
670 1859 832 1926 noverant,
848 1860 881 1911 et
900 1849 1088 1911 auctoritate
1110 1849 1247 1930 publice
1268 1863 1408 1932 potesta·

455 1951 508 2028 tis,
530 1952 581 2014 his
605 1973 692 2014 reum
720 1951 935 2014 deferentibus
960 1971 1095 2033 quorum
1120 1951 1223 2032 legem
1250 1951 1337 2013 risus
1358 1960 1408 2012 est

456 2054 655 2137 impugnare,
688 2052 859 2134 discipulo,
889 2053 956 2115 filio
990 2052 1188 2135 perditionis,
1216 2051 1409 2134 proditionis

455 2155 622 2238 perfidiam
644 2163 846 2239 procurante.
891 2153 935 2216 At
960 2154 1021 2217 iste
1046 2175 1112 2216 non
1139 2153 1235 2217 modo
1260 2154 1294 2216 in
1320 2152 1409 2229 urbe,

457 2257 513 2319 sed
535 2257 618 2321 intra
640 2255 823 2333 eeclesiam,
846 2277 910 2318 non
938 2267 1080 2338 tempore
1106 2255 1250 2338 profano,
1272 2255 1331 2318 sed
1356 2255 1407 2318 die

457 2380 552 2440 quern
578 2358 752 2421 nativitatis
779 2358 960 2420 Dominicae
986 2357 1162 2420 solennitas
1191 2359 1405 2420 consecrabat.

457 2457 502 2518 Et
524 2459 610 2520 omni
626 2459 700 2539 jure
723 2458 831 2520 decuit
852 2471 888 2521 ut
909 2459 1025 2521 natalis
1047 2457 1127 2540 ejus,
1143 2459 1199 2540 qui
1221 2459 1408 2521 innocenter

456 2569 488 2622 et
510 2559 707 2622 sanctissime
734 2559 868 2635 vixerat,
889 2559 1027 2623 natalem
1050 2573 1230 2622 sanctorum
1255 2560 1408 2622 innocen·

457 2662 536 2723 tium
566 2673 757 2743 sequeretur.
810 2661 856 2722 Et
885 2658 1025 2742 quidem,
1056 2669 1092 2721 ut
1120 2658 1268 2733 creditur,
1294 2679 1407 2721 necem

456 2763 557 2845 ipsius
583 2762 749 2826 traditores
779 2781 989 2844 procuravere
1018 2760 1179 2843 discipuli,
1206 2759 1405 2823 sacerdotum

456 2865 621 2947 principes
645 2865 870 2937 formaverunt,
895 2872 983 2924 tanto
1008 2861 1040 2922 iu
1071 2862 1193 2923 malitia
1221 2860 1348 2923 Annam
1376 2874 1408 2923 et

457 2963 626 3047 Caipbam,
642 2964 780 3026 Pilatum
794 2971 828 3025 et
844 2961 1008 3025 Herodem
1023 2963 1162 3045 amplius
1179 2962 1408 3045 praecedentes,

458 3077 577 3146 quanto
600 3064 782 3145 diligentius
806 3077 1032 3146 praecaverunt,
1050 3085 1091 3125 ne
1115 3063 1148 3125 in
1165 3063 1328 3146 judicium
1346 3076 1409 3127 tra-

457 3165 594 3242 heretur,
613 3187 654 3227 ne
676 3167 897 3227 conveniretur
915 3165 957 3228 ab
979 3165 1229 3241 accusatoribus,
1247 3186 1289 3226 ne
1309 3185 1408 3247 appa·

457 3277 537 3326 reret
552 3276 624 3327 ante
639 3264 756 3326 faciem
771 3263 928 3346 praesidis,
943 3285 984 3325 ne
1000 3264 1167 3346 privilegio
1183 3265 1264 3327 sacri
1280 3265 1342 3327 loci
1358 3267 1408 3328 vel

458 3364 621 3448 temporie,
643 3374 698 3427 aut
724 3363 898 3444 dignitatiS,
924 3375 980 3427 aut
1005 3364 1131 3445 gradus,
1153 3377 1209 3427 aut
1233 3366 1408 3428 reformatm

456 3464 548 3546 pacis
563 3478 595 3528 et
610 3465 692 3528 datm
707 3465 886 3528 securitatis
902 3464 1086 3528 conditione
1106 3467 1275 3547 sacrilegas
1296 3488 1409 3529 manns

457 3566 615 3646 eraderet,
641 3587 707 3628 non
736 3566 913 3647 gentilium,
941 3586 1005 3627 non
1037 3565 1188 3641 bostium,
1214 3566 1272 3629 sed
1300 3587 1409 3628 eortrm

457 3668 514 3748 qui
540 3669 644 3750 legem
675 3667 739 3730 Dei
767 3666 999 3748 profitebantur
1026 3677 1060 3728 et
1093 3668 1267 3730 amicorum
1303 3667 1409 3730 fidem.

458 3769 542 3828 Sane
564 3768 643 3828 mira
666 3767 741 3840 Dei,
764 3779 881 3830 cuncta
904 3767 1063 3849 sapienter
1085 3777 1118 3829 et
1139 3768 1304 3831 salubriter
1326 3769 1410 3831 ordi·

457 3866 575 3943 nantis,
599 3866 837 3948 dispensatione
866 3869 1013 3948 contigit,
1042 3869 1130 3951 quod
1160 3870 1216 3952 qui
1244 3871 1315 3932 haec
1345 3887 1410 3932 tam

458 3971 552 4047 male,
566 3979 630 4032 tarn
646 3966 864 4052 imprudenter
878 3970 1023 4052 permisit
1043 3969 1122 4046 fieri,
1140 3969 1252 4032 eadem
1271 3992 1337 4033 non
1361 3984 1412 4033 est

457 4093 572 4153 passus
587 4069 753 4146 uliscendi,
769 4082 804 4133 ut
821 4071 870 4132 bic
888 4071 982 4134 etiarn
1007 4072 1221 4153 temporaliter
1240 4071 1412 4153 impleatur

458 4171 544 4254 quod
567 4173 682 4235 veritas
701 4171 848 4254 protulit:
888 4172 977 4233 Nihil
1001 4172 1128 4234 scilicet
1146 4193 1217 4235 esse
1237 4173 1412 4248 occultum,

459 4272 544 4364 quod
562 4293 624 4334 tion
647 4274 811 4335 reveletur.
857 4271 939 4332 Nnrn
962 4272 1047 4356 quod
1069 4273 1109 4334 de
1133 4273 1283 4353 signifero
1303 4272 1411 4356 prodi-

1281 4527 1405 4552 Su...-
