3625 5317
449 765 514 826 8⁵2
708 777 846 823 rosaars
862 773 1144 824 sanassansensrs

445 930 636 1016 expectatis3
672 928 822 1014 suscipite
847 927 951 1004 illum,
976 941 1011 992 et
1036 950 1102 1015 quo
1126 929 1288 995 Dominus
1311 931 1407 1016 jussit

444 1033 556 1098 efferte
580 1031 613 1096 in
636 1051 714 1094 voce
738 1029 840 1095 laudis
867 1047 901 1095 et
925 1030 1160 1096 exultationis.’'
1190 1031 1308 1096 Paucis
1331 1054 1407 1098 vero

444 1133 559 1197 diebus
572 1143 647 1196 ante
664 1132 904 1198 cantuariensis
918 1132 1062 1196 ecclesiae
1075 1131 1252 1197 monachus
1262 1132 1406 1220 quidam,

446 1233 560 1300 Helias
579 1234 720 1312 nomine,
736 1233 890 1299 innocens
909 1247 943 1300 et
962 1234 1039 1298 ritoe
1060 1235 1215 1320 probatae,
1234 1236 1406 1301 transitum

444 1336 541 1423 patris
565 1336 711 1402 Anselmi
732 1359 772 1402 ex
797 1336 860 1402 alia
883 1337 1004 1402 unone
1025 1337 1183 1421 cognorit.
1222 1337 1334 1402 Visum
1356 1349 1406 1403 est

443 1437 529 1503 anim
545 1438 586 1519 ei,
601 1439 688 1527 quod
703 1438 920 1504 beatissimum
938 1441 1146 1502 Dunstannm
1160 1449 1197 1502 et
1211 1438 1404 1505 Anselrnum

443 1542 714 1629 archiepiscopum
725 1543 757 1606 in
767 1542 901 1607 ecclesia
911 1540 1032 1608 Christi
1041 1541 1157 1606 viderit
1167 1540 1403 1629 colloquentem

443 1655 477 1710 et
501 1646 588 1731 quod
614 1644 684 1709 hoec
709 1643 865 1709 Anselmo
890 1667 911 1708 a
935 1648 1105 1709 Dunstano
1124 1637 1404 1730 dicta'acceperit.

444 1747 558 1812 Amico
572 1747 743 1823 carissime,
758 1747 868 1832 accipe
883 1753 971 1810 hunc
988 1746 1144 1811 annulum
1160 1768 1281 1825 manu;
1305 1745 1405 1810 velles

444 1849 615 1936 recipere.”
660 1847 798 1914 Manum
821 1848 986 1914 retrahens
1000 1849 1114 1914 beanu
1130 1854 1320 1915 Dnnstanus
1338 1848 1401 1913 ait:

443 1961 466 1993 ‘⁶
479 1953 551 2016 Non
575 1950 706 2038 quidem
737 1951 796 2016 hac
825 1951 906 2033 vica,
935 1951 992 2016 sed
1018 1972 1071 2016 me
1097 1963 1244 2017 servants
1272 1951 1402 2016 interim

442 2065 556 2141 quarta
584 2052 663 2119 feria
691 2063 766 2119 ante
795 2053 913 2140 pascha
943 2053 1080 2139 recipies
1107 2053 1200 2118 illum
1228 2053 1271 2118 de
1302 2075 1403 2118 manu

444 2154 605 2222 Domini.”
642 2154 695 2222 Sic
721 2155 853 2242 quidem
880 2154 1016 2219 Martini
1039 2155 1192 2220 transitus
1219 2155 1254 2220 in
1280 2154 1402 2220 visione

441 2256 559 2320 sanctis
574 2256 711 2322 innotuit
719 2282 729 2334 ς
752 2269 785 2322 at
800 2255 971 2333 Dominus,
986 2257 1038 2322 cui
1052 2258 1200 2323 similiter
1213 2257 1402 2338 servierunt,

442 2355 619 2422 Martinnm
636 2369 670 2422 et
685 2357 875 2423 Ansalmnnr
892 2359 1073 2443 parimodo
1087 2359 1287 2445 glorificavit.

441 2715 523 2800 Cap.
543 2721 592 2780 17.
615 2711 669 2778 De
683 2712 851 2777 miraculis
865 2716 972 2778 sancti
986 2714 1129 2778 Anselmi
1152 2715 1402 2780 Caatnan'ensis

483 2818 714 2899 archicpiscopi
724 2821 797 2897 post
811 2815 930 2879 obitam
945 2837 1050 2880 saum.
1078 2815 1131 2879 De
1144 2819 1351 2900 sarcophago,
1363 2819 1401 2880 in

483 2937 546 3000 quo
561 2938 675 3000 corpas
689 2919 761 3001 ‹aJ‘ua
774 2919 947 2981 clauditur.
988 2917 1042 2982 De
1057 2917 1225 3000 capellano
1240 2917 1401 3006 differeris

483 3022 640 3104 episcopa
664 3029 694 3082 el
709 3020 873 3084 decernite
887 3018 1030 3106 Amulso
1047 3020 1175 3084 turbato
1188 3022 1224 3083 ln
1239 3023 1336 3085 mari.

485 3247 652 3314 Panaorrs
675 3245 724 3311 his
746 3269 820 3334 qnae
836 3247 915 3312 ritus
936 3247 1091 3334 exposcit,
1108 3249 1249 3315 restabat
1270 3259 1307 3314 ut
1328 3269 1402 3336 pre·

439 3350 541 3416 cineus
555 3348 610 3414 ille
625 3348 791 3413 thesaurus
805 3349 946 3435 corporis
959 3350 1162 3416 clauderetur
1176 3365 1398 3418 monumento.

441 3453 495 3522 sd
516 3451 713 3536 sarcofagum
737 3450 845 3538 itaque
867 3462 1000 3518 ventum
1025 3462 1090 3531 est3
1124 3467 1159 3518 et
1180 3455 1329 3520 inventus
1349 3465 1399 3519 est

437 3558 542 3624 minor
553 3577 649 3645 quam
661 3565 698 3620 nt
709 3553 769 3620 nisi
781 3553 888 3620 fractis
899 3553 1053 3620 membris
1064 3564 1098 3620 et
1110 3577 1168 3643 par
1178 3555 1398 3642 demptionem

438 3657 552 3746 lapidis
567 3656 736 3744 superioris
750 3677 864 3743 corpus
879 3655 1022 3742 recipere
1037 3669 1153 3742 posset.
1185 3657 1282 3734 Quod
1296 3679 1399 3746 quum

438 3760 533 3824 nimis
548 3758 665 3822 durum
681 3770 714 3822 et
728 3758 928 3824 intolerabile
943 3758 1092 3823 omnibus
1107 3759 1270 3825 videratur
1279 3784 1289 3839 ;
1315 3780 1398 3825 unus

437 3858 709 3927 circumstantium
748 3857 880 3924 fratrum
916 3869 1042 3946 arrepto
1082 3859 1241 3945 pontificis
1281 3858 1399 3926 baculo

435 3985 546 4031 aarum
567 3960 761 4049 aggreditur,
777 3970 811 4026 et
830 3959 910 4026 illud
932 3960 1075 4047 undiquc
1097 3961 1143 4028 sic
1166 3972 1341 4049 pertractat
1362 3971 1398 4026 et

436 4068 562 4155 premit,
587 4065 650 4131 huc
675 4077 708 4130 et
733 4063 809 4128 illuc
834 4074 966 4151 aptans;
1002 4075 1039 4128 nt
1064 4065 1248 4151 recipiendo
1272 4063 1397 4152 corpori

435 4191 509 4235 cum
531 4167 740 4234 admiratione
762 4165 905 4230 omnium
929 4165 1222 4232 commodissimum
1249 4176 1283 4231 et
1307 4163 1398 4232 suffi-

433 4269 662 4336 cientissimum
678 4267 848 4332 videretur.
877 4265 963 4332 Nam
980 4265 1135 4347 Salvator,
1150 4268 1184 4334 in
1201 4268 1292 4354 cujus
1306 4279 1397 4333 tran·

432 4372 495 4437 sita
513 4369 617 4436 scissas
632 4379 707 4433 sunt
725 4379 835 4454 petrae,
851 4368 912 4434 hoc
926 4368 966 4435 ad
987 4369 1123 4454 gloriam
1138 4391 1229 4436 snam
1245 4369 1330 4456 egit3
1357 4379 1394 4434 ut
