3625 5317
370 826 440 871 cae.
456 812 529 886 iun]
703 824 946 871 navaaootcus.
1260 808 1319 867 11³

372 977 453 1039 Haec
467 976 578 1061 opinor
599 976 714 1041 debere
736 974 888 1052 sufficere,
912 974 998 1062 quod
1015 996 1071 1038 nec
1092 970 1230 1037 fideliter
1244 994 1317 1035 cum

373 1076 565 1163 Porphyrio‚
581 1100 638 1143 nec
654 1077 777 1142 utiliter
791 1100 863 1142 cum
887 1073 1126 1141 introducendis
1140 1087 1318 1149 versentur,

370 1179 427 1265 qui
457 1179 612 1255 omnium,
636 1178 676 1242 de
698 1178 879 1266 generibus,
902 1190 934 1241 et
957 1176 1132 1263 speciebus,
1156 1184 1319 1239 recensent

369 1277 542 1363 opiniones,
553 1278 702 1345 omnibus
710 1278 852 1359 obvient,
863 1290 900 1343 ut
913 1277 1041 1341 tandem
1054 1300 1120 1341 sum
1129 1272 1319 1340 inventionis

369 1380 492 1464 erigant
503 1380 648 1446 titulum:
666 1403 766 1467 quum
775 1380 1034 1467 hocapvoposito
1043 1378 1182 1444 auctoris
1189 1378 1318 1441 omnino

368 1480 531 1563 dissideat,
561 1495 592 1547 et
616 1486 775 1547 retundat
802 1486 933 1564 ingenio
963 1483 1163 1553 auditorum,
1192 1490 1223 1541 et
1250 1475 1319 1541 eliis

368 1581 523 1660 articulis,
542 1604 635 1669 nque
656 1588 848 1649 necessarius
869 1583 963 1658 scitu,
986 1580 1090 1645 locum
1107 1580 1319 1665 inquisitionis

367 1706 436 1749 esse
451 1704 513 1747 non
529 1684 620 1750 sinet.

658 2144 801 2209 LIBER
822 2146 1032 2209 TERTIUS.

418 2303 511 2366 Anni
523 2301 589 2365 fere
598 2301 712 2387 viginti
722 2302 822 2388 elapsi
834 2314 921 2377 sunt,
930 2324 969 2365 ex
983 2324 1050 2388 quo
1064 2322 1115 2365 me
1126 2300 1168 2365 eb
1176 2300 1319 2376 officinis,

373 2416 405 2468 et
422 2400 571 2488 palestre
586 2425 695 2467 eorum
707 2403 764 2489 qui
776 2402 910 2490 logicam
922 2402 1121 2490 profitentur,
1132 2406 1177 2467 rei
1189 2401 1322 2467 familia-

373 2503 417 2568 ris
438 2503 554 2567 avulsit
576 2504 734 2590 angustia,
765 2517 797 2568 et
819 2504 985 2569 consilium
1009 2503 1182 2569 amicorum
1205 2503 1322 2590 quibus

375 2626 437 2669 non
452 2602 739 2691 obtemperavenon
751 2605 851 2692 potui.
899 2606 1038 2681 Exinde,
1055 2619 1091 2670 ut
1101 2628 1141 2670 ex
1151 2605 1249 2670 animi
1260 2604 1321 2668 mei

371 2706 526 2772 sententis
540 2729 650 2771 verum
666 2706 777 2781 fatear,
790 2707 886 2771 necin
901 2707 1049 2782 transitu,
1066 2705 1116 2770 vel
1131 2705 1227 2771 semel
1244 2707 1321 2771 Dia-

371 2804 555 2871 lectioorum
577 2808 671 2892 attigi
694 2808 823 2893 scripta,
846 2830 931 2892 quae,
948 2805 998 2869 vel
1013 2807 1045 2869 in
1067 2807 1202 2881 artibus,
1225 2804 1274 2869 vel
1289 2807 1322 2868 in

372 2908 617 2987 commentariis,
643 2920 700 2971 eut
728 2907 972 2991 glossematibus
997 2906 1157 2970 scientiam
1182 2906 1322 2992 pariunt,

370 3006 841 3087 sutretinent,autrel'ovmant.
865 3005 946 3073 Aliis
955 3028 1105 3093 namque,
1115 3021 1147 3072 et
1156 3031 1218 3072 non
1229 3009 1324 3073 modo

367 3108 513 3182 diversis,
543 3107 597 3171 sed
626 3107 767 3171 adversis
796 3106 872 3187 fere,
901 3107 1166 3194 occupationibus
1196 3110 1321 3175 interim

369 3212 546 3276 distractus
567 3231 656 3274 sum:
680 3222 716 3273 ut
740 3207 793 3273 vix
815 3208 865 3273 vel
886 3208 927 3272 ad
957 3208 1079 3287 horam,
1101 3222 1133 3275 et
1155 3211 1215 3274 hoc
1243 3232 1325 3296 quo·

371 3310 543 3376 dammodo
571 3311 695 3388 furtim,
726 3309 941 3398 philosophari
973 3310 1105 3376 licuerit.
1158 3312 1321 3399 Siquidem

373 3411 504 3500 Alpium
529 3414 612 3499 juga
634 3412 812 3477 transcendi
835 3412 951 3487 decies,
974 3436 1119 3498 egressus
1149 3413 1321 3497 Angliam:

375 3514 527 3601 Apuliam
541 3515 680 3581 secundo
690 3516 872 3601 peragravi:
897 3516 1097 3580 dominorum
1109 3529 1141 3581 et
1150 3518 1322 3581 amicorum

372 3618 510 3699 negotia,
533 3614 563 3679 in
588 3616 731 3681 Ecclesia
754 3620 900 3682 Romana
918 3618 1035 3703 saepius
1056 3617 1153 3702 gessi:
1177 3632 1210 3681 et
1224 3640 1323 3682 emer-

372 3716 521 3801 gentibus
531 3717 803 3781 vsviiscausisnon
815 3715 911 3779 modo
923 3716 1086 3801 nogium,
1096 3716 1191 3781 sedet
1202 3717 1323 3782 Gallias
1436 3752 1441 3759 ·

374 3815 536 3882 multoties
563 3817 736 3885 circumivi.
783 3817 834 3881 Ad
866 3817 946 3895 hmo,
975 3841 1053 3882 curs
1081 3819 1126 3882 rei
1149 3818 1323 3900 familiaris,

373 3918 622 3984 sollicitudinum
632 3942 815 3997 concursus,
827 3918 1038 4005 gerendorum
1051 3920 1212 3998 instantis,
1225 3921 1324 3987 literis

372 4021 449 4085 dave
470 4042 598 4107 operam
621 4044 683 4085 non
707 4021 860 4086 sinebant.
907 4022 1005 4086 Unde
1027 4044 1077 4085 me
1094 4024 1323 4089 excusatiorem

373 4122 554 4188 babendum
567 4136 648 4209 puto
664 4127 696 4188 in
710 4123 769 4201 his,
780 4146 855 4210 quse
866 4123 1012 4189 obtusius
1026 4138 1058 4189 et
1073 4124 1227 4189 incultius
1241 4146 1259 4187 a
1275 4148 1324 4188 me

374 4222 460 4288 dicta
483 4222 583 4289 lector
605 4222 751 4287 inveniet.
804 4221 949 4288 Ariditas
964 4224 1047 4286 enim
1064 4222 1193 4306 linguae,
1215 4236 1325 4307 torpor

373 4346 523 4389 sensuum
545 4324 662 4410 partim
685 4325 871 4410 praemissis,
895 4324 1011 4411 partim
1034 4322 1208 4387 curialibus
1229 4322 1325 4406 nugis

370 4421 1326 4510 adscribendasunt,partimedversariidolo‚etimpudentias,

419 4546 492 4590 von.
509 4546 540 4590 v.
842 4544 854 4587 1
