3625 5317
463 770 525 831 168
722 780 861 829 miurus
875 776 1151 826 sanusntausrs
1271 759 1356 841 [run.
1372 780 1415 825 m.

462 934 595 1000 modum
610 956 651 999 ex
666 956 759 998 sensu
771 931 964 1020 proveniunt
974 943 1102 1011 caetera,
1110 952 1170 1016 per
1181 927 1416 1016 imaginationis

461 1059 574 1124 opem:
605 1050 643 1101 ut
657 1059 758 1115 amor,
773 1034 831 1123 qui
844 1034 886 1099 ad
902 1033 1038 1099 tutelam
1052 1030 1204 1118 corporis,
1220 1033 1270 1097 vei
1285 1033 1328 1099 ad
1344 1056 1419 1098 con·

462 1138 670 1205 servationem
680 1136 816 1216 utilium,
826 1136 925 1201 velad
936 1135 1167 1223 procurandam
1178 1136 1415 1214 successionem,

464 1241 635 1328 plurimum
651 1252 813 1326 operatur.

464 1431 546 1513 Cap.
565 1433 614 1491 ll.
640 1427 728 1502 Quid
740 1428 953 1509 imaginatim
976 1430 1009 1488 et
1021 1424 1061 1488 ds
1074 1426 1226 1507 opinione
1239 1425 1417 1508 etfullucic

506 1532 677 1613 opinionis,
697 1536 729 1593 st
748 1550 883 1592 amisus:
912 1535 945 1591 et
965 1529 1006 1589 de
1026 1534 1099 1589 ortu
1118 1527 1298 1609 phronesis,
1320 1546 1417 1607 quom

505 1654 564 1697 nos
574 1634 785 1717 prudentium
801 1632 1016 1695 nominamus.

506 1752 577 1816 Esr
591 1772 669 1836 ergo
683 1748 877 1834 imaginatio,
892 1748 1016 1834 primus
1033 1758 1141 1810 motus
1154 1743 1281 1819 auimae,
1296 1743 1415 1809 extrin-

463 1874 554 1918 secus
569 1852 713 1937 pulsatae,
729 1875 797 1939 quo
811 1850 985 1915 secuudum
1000 1862 1166 1913 exercetur
1175 1846 1347 1933 judicium,
1359 1862 1418 1913 aut

461 1978 520 2042 per
535 1954 783 2019 recordationem
800 1952 884 2017 redit
904 1952 1054 2039 primum.
1101 1949 1244 2014 Primum
1260 1948 1344 2013 cuim
1361 1952 1417 2037 ju-

461 2056 581 2121 dicium
592 2055 679 2139 viget
690 2054 721 2118 iu
735 2076 840 2130 seusu,
849 2051 929 2117 dum
941 2050 1064 2138 aliquid
1076 2052 1200 2127 album,
1208 2062 1264 2115 aut
1278 2052 1417 2137 nigrum,

461 2169 519 2219 aut
539 2153 678 2220 calidum
700 2167 757 2219 aut
779 2154 946 2239 frigidum,
960 2175 1028 2218 esse
1049 2150 1248 2232 pronunciat.
1297 2153 1415 2216 Secun-

461 2255 539 2320 dum
566 2279 642 2320 vcro
664 2256 898 2341 imaginationis
916 2268 984 2321 est:
1016 2268 1053 2319 ut
1075 2277 1176 2341 quum
1197 2252 1321 2340 aliquid
1343 2278 1414 2342 per·

458 2373 634 2444 ceptorum,
655 2372 778 2423 retenta
804 2358 952 2443 imagine,
976 2357 1040 2422 tule
1063 2357 1115 2420 vel
1142 2356 1205 2421 tale
1228 2356 1350 2434 asserit,
1373 2359 1415 2423 de

459 2458 573 2524 futuro
589 2457 749 2546 judicans,
765 2462 815 2524 vel
830 2475 962 2523 remoto.
1008 2460 1082 2522 Hoc
1100 2471 1207 2523 autem
1228 2459 1415 2525 alterutrius

455 2558 613 2647 judicium
629 2564 738 2645 opinio
752 2559 945 2648 appellatur.
990 2564 1037 2626 Et
1058 2575 1106 2626 est
1128 2560 1258 2646 quidem
1272 2575 1371 2638 certa,
1386 2564 1414 2628 si

460 2676 558 2749 prout
580 2686 614 2727 se
635 2663 767 2741 habent,
789 2662 830 2728 de
852 2662 949 2727 rebus
969 2663 1107 2749 judicat.
1153 2662 1186 2726 Si
1210 2686 1285 2727 vem
1310 2663 1414 2741 aliter,

460 2763 605 2832 infidelis.
662 2766 757 2831 Hanc
785 2778 894 2830 autem
924 2764 1036 2829 asserit
1066 2764 1271 2843 Aristoteles,
1298 2766 1413 2830 nuimre

458 2868 655 2954 passionem:
686 2892 724 2933 eo
739 2868 826 2955 qnod
843 2867 921 2933 dum
936 2879 1116 2942 exercetur,
1131 2888 1237 2930 rerum
1261 2866 1412 2952 imagines

457 2969 572 3035 auimoe
586 2970 823 3059 imprimantur.
867 2969 962 3047 Quod
979 2969 1005 3033 si
1025 2990 1089 3033 una
1110 2990 1170 3054 pro
1183 2968 1284 3034 altera
1304 2969 1413 3056 impri-

457 3092 575 3146 matur,
592 3095 651 3159 pro
672 3096 788 3143 errore,
804 3095 871 3159 quo
892 3072 1014 3136 fallitur
1036 3068 1220 3156 injudicio,
1241 3070 1340 3136 fallax
1364 3072 1412 3135 vel

457 3172 538 3237 falsa
566 3173 675 3257 opinio
705 3173 897 3238 nominatur.
951 3176 1035 3237 Nam
1061 3170 1234 3257 sepissime
1259 3173 1414 3240 falluntur

457 3295 576 3351 seusus,
586 3294 649 3335 non
665 3273 760 3337 modo
774 3273 807 3335 in
823 3273 976 3358 parvulis,
988 3274 1045 3339 ubi
1061 3274 1142 3338 ratio
1152 3286 1285 3358 putatur
1297 3276 1412 3354 otiosa,

458 3374 515 3440 sed
527 3387 559 3440 et
571 3374 603 3438 in
616 3387 765 3459 provecta
776 3387 882 3441 aetate.
901 3376 996 3453 Quod
1005 3376 1189 3442 Aristoteles
1199 3376 1328 3455 docens,
1334 3379 1414 3445 dicit

455 3500 495 3543 ex
510 3501 548 3541 eo
562 3478 746 3562 contingere
761 3478 914 3543 lactentes
927 3501 1037 3543 omnes
1052 3479 1137 3544 viros
1155 3494 1271 3565 putare
1293 3495 1410 3567 patres,

455 3578 602 3643 toeminas
623 3593 742 3660 autem,
765 3592 894 3657 matres,
918 3578 1003 3665 quod
1030 3601 1141 3643 seusus
1163 3580 1254 3644 rudis
1274 3581 1410 3659 fallitur,

454 3702 511 3745 uec
533 3682 661 3747 firmum
684 3694 789 3766 potest
810 3680 924 3745 afferre
941 3681 1114 3767 judicium.
1159 3682 1301 3748 Baculus
1323 3704 1410 3763 vero,

453 3782 485 3847 in
511 3804 597 3868 equs
618 3783 740 3847 fractus
763 3782 891 3848 videtur
912 3783 1009 3847 etism
1031 3781 1318 3870 perspicacissimis.
1363 3786 1409 3851 Et

453 3882 528 3969 quia
543 3906 691 3949 sensuum
707 3883 864 3948 fallaciam
880 3883 1101 3970 deprehendit,
1112 3884 1144 3949 iu
1161 3905 1201 3948 so
1215 3887 1358 3971 agitatur
1373 3900 1409 3953 ut

452 3997 486 4050 et
509 3984 602 4049 fidele
624 3982 747 4070 aliquid
776 3998 892 4065 teneat,
914 3984 967 4049 cui
994 3984 1061 4049 sine
1085 4007 1191 4051 errore
1217 3987 1410 4053 fiducialiter

452 4087 551 4175 possit
563 4084 666 4151 inuiti.
706 4086 761 4153 Ab
776 4086 835 4153 hac
846 4087 1022 4173 agitatione
1034 4091 1173 4154 nascitur
1185 4088 1298 4168 virtus,
1309 4112 1407 4176 quam

451 4192 556 4261 Graeci
572 4187 710 4279 φρόνησιν,
726 4190 831 4261 Latini
849 4190 1053 4275 prudentiam
1070 4207 1193 4258 vocant.
