3625 5317
416 797 550 877 mnu]
770 810 1014 861 unsmoorcus.
1306 795 1366 857 let

412 968 494 1051 Cap.
514 972 562 1030 10.
586 966 638 1030 Dc
651 966 896 1047 imaginatione,
910 972 942 1028 et
955 964 1042 1046 quod
1061 985 1105 1029 ea
1119 966 1192 1045 ipso
1213 966 1369 1029 orientem

457 1068 650 1154 affectiones,
664 1067 782 1150 quibus
796 1067 909 1131 enimc
929 1066 1140 1149 componitur,
1154 1072 1215 1129 aut
1236 1063 1368 1131 turbato

458 1170 662 1235 deturbatur.

458 1333 663 1395 Incolume
683 1328 793 1415 itaque
813 1350 833 1392 a
854 1326 960 1391 radice
974 1346 1121 1389 sensuum
1137 1346 1195 1411 per
1209 1324 1369 1391 memorias

414 1430 558 1495 tomitem
572 1429 688 1507 oritur,
703 1442 734 1493 et
756 1449 818 1493 non
834 1426 932 1491 modo
953 1425 1167 1512 prementium,
1183 1425 1237 1489 sed
1259 1442 1292 1491 et
1314 1427 1369 1492 ab·

415 1531 560 1612 sentiam,
589 1530 659 1595 loco
688 1528 831 1616 quidem,
859 1526 907 1591 vel
940 1539 1093 1613 tempore,
1123 1549 1181 1615 per
1209 1527 1368 1614 quendam

416 1632 614 1718 symplasim,
637 1654 733 1717 quam
758 1653 815 1695 nos
837 1627 1118 1694 conformationem
1141 1628 1300 1716 possimus
1320 1629 1368 1693 di-

414 1756 498 1810 cere,
515 1734 669 1798 intuetur.
715 1731 803 1795 Hinc
818 1744 866 1795 est
882 1728 980 1795 illud:

593 1842 636 1895 Sic
648 1840 726 1905 sedit,
738 1840 776 1893 sic
787 1838 856 1892 cultu
868 1837 927 1902 tuit,
940 1838 977 1890 sic
989 1836 1103 1889 stamina
1113 1838 1194 1903 nevit,

663 1924 774 1997 Injectae
785 1923 852 1977 collo
864 1924 901 1976 sic
913 1922 1024 1976 decuere
1036 1940 1127 1975 comm.

460 2020 552 2100 Quod
575 2034 682 2085 autem
705 2020 898 2086 abstractiva
920 2018 972 2099 sit,
986 2017 1092 2083 innuit
1114 2018 1221 2097 Maro,
1236 2018 1313 2083 dum
1338 2042 1371 2083 se

417 2122 467 2188 sui
498 2122 700 2208 Astyanactis
729 2122 897 2208 imaginem
932 2121 1125 2185 abstraxisse
1157 2120 1372 2186 recordatione

417 2224 557 2311 qundnm
575 2222 795 2288 Andromache
811 2225 951 2289 fatetur:

555 2316 583 2384 '0
596 2332 659 2385 mihi
672 2332 728 2386 sola
739 2334 790 2387 mei
803 2351 880 2405 super
891 2332 1061 2401 Astyanactis
1072 2334 1176 2402 imago!

562 2416 604 2469 Sic
616 2416 712 2482 mulos,
725 2418 761 2469 sic
773 2416 818 2470 ille
830 2434 931 2481 manus,
943 2418 981 2469 aic
992 2435 1037 2470 ora
1048 2416 1159 2486 serebat,

561 2504 598 2558 Et
608 2522 676 2559 nunc
687 2504 782 2573 equali
795 2511 880 2559 tecum
892 2504 1047 2577 pubesceret
1057 2523 1121 2560 sevo.

419 2601 465 2664 Et
489 2600 576 2686 quia,
602 2611 639 2664 ut
664 2598 696 2665 in
721 2600 839 2664 Politia
861 2601 906 2665 ait
930 2601 1035 2680 Plato,
1046 2602 1152 2687 flecite
1176 2610 1224 2667 cst
1246 2606 1376 2686 caracui

419 2705 590 2767 maturatio
613 2723 748 2776 arcano,
772 2722 812 2766 ec
834 2705 886 2766 tris
906 2722 984 2783 once
993 2704 1188 2785 frequenter
1208 2705 1375 2781 occidunt,

420 2803 593 2889 imaginem
608 2825 730 2882 eorum,
745 2826 819 2888 quae
841 2800 952 2867 futura
974 2815 1061 2878 sunt,
1075 2802 1213 2888 concipit
1234 2826 1274 2867 ex
1298 2826 1376 2889 quc

423 2903 513 2973 litate
527 2927 648 2983 eorum,
664 2926 738 2991 ques
758 2902 1002 2991 presentialiter
1016 2906 1123 2982 sentit,
1137 2904 1188 2967 rel
1202 2902 1376 2989 aliquando

419 3006 528 3071 sensit
563 3009 653 3091 Ergo
665 3007 690 3070 si
702 3005 882 3090 passionem
895 3026 1038 3091 asperam
1051 3004 1189 3091 concipit
1199 3004 1240 3069 de
1251 3005 1374 3083 futuro,

398 3118 400 3123 “
419 3112 516 3174 timor
530 3106 641 3171 oritur.
680 3110 764 3190 Spes
777 3117 896 3183 autem,
909 3106 936 3173 si
953 3106 1104 3186 utilitate,
1114 3106 1166 3170 vel
1181 3108 1375 3190 amenitate,

416 3209 604 3298 jocundam.
650 3209 738 3273 Hinc
763 3208 905 3275 irascitur
927 3218 960 3275 et
983 3208 1154 3296 cupiditas,
1177 3208 1374 3297 perniciosis·

419 3310 500 3378 sima
514 3310 624 3398 pestis,
636 3322 669 3375 et
684 3332 757 3397 quae
769 3310 1014 3400 philosophandi
1025 3313 1187 3399 proposito
1197 3312 1374 3400 plurimum

420 3415 619 3481 adversatur.
664 3411 866 3501 Impossibile
887 3419 970 3481 enim
992 3428 1040 3480 est
1065 3439 1261 3503 quemquam
1283 3414 1375 3502 eupi-

420 3517 516 3583 ditati
542 3526 574 3583 et
600 3515 811 3603 philosophie
837 3518 957 3603 pariter
980 3541 1109 3606 operam
1135 3518 1222 3583 dare.
1268 3518 1376 3583 Mixta

421 3633 530 3685 autern
542 3632 589 3685 est
602 3643 641 3684 ex
653 3620 830 3701 contrariis,
838 3640 940 3704 quum
951 3643 1023 3706 spes
1033 3620 1162 3685 fruendi
1178 3622 1375 3707 voluptatem

422 3720 537 3807 pnriat,
553 3720 608 3785 sed
629 3721 741 3786 dilatio
764 3722 925 3787 tristitiom
948 3734 980 3786 et
1002 3720 1162 3787 dolorem:
1194 3746 1270 3809 quse
1284 3724 1311 3789 si
1328 3720 1378 3788 iu·

421 3820 593 3899 valuerint,
617 3836 654 3889 ut
676 3822 866 3888 exordinent
889 3837 922 3887 ct
944 3824 1076 3889 turbent
1101 3828 1249 3905 animam,
1271 3850 1312 3892 ex
1338 3852 1377 3893 ea

422 3924 625 3989 concussione
646 3926 683 3989 tit
704 3924 760 3991 ira.
807 3928 920 4012 ltaque
942 3924 983 3989 ad
1005 3929 1247 4014 compescendos
1269 3944 1376 3997 motus

422 4023 550 4091 illicitos
570 4026 655 4113 parit
671 4026 854 4113 imaginatio
868 4028 1036 4104 cautelam,
1051 4053 1125 4116 quae
1144 4032 1172 4095 ei
1188 4033 1301 4098 nociva
1322 4034 1377 4097 de-

423 4125 539 4192 clinet:
572 4142 609 4194 ut
634 4142 710 4194 sunt
736 4152 774 4193 ex
801 4128 919 4214 quibus
945 4129 1047 4210 dolor,
1073 4132 1131 4213 ira,
1152 4132 1321 4219 cupiditas,
1343 4148 1376 4201 et

423 4232 561 4316 sequelae
578 4231 725 4308 istorum,
740 4244 819 4317 puta
841 4231 970 4314 invidia,
984 4234 1106 4313 odium,
1121 4236 1288 4313 detractio,
1303 4236 1376 4302 lux.

423 4331 503 4409 uria,
515 4332 649 4400 vanitas.
687 4337 774 4398 Dum
788 4357 863 4399 vero
878 4335 971 4400 nimis
981 4350 1083 4415 cavet,
1094 4338 1135 4402 ad
1150 4336 1350 4405 formidinem
1362 4367 1372 4417 3

423 4430 500 4496 dum
527 4456 655 4519 parum,
679 4433 719 4497 ad
747 4434 955 4500 temeritatem
982 4436 1113 4501 accedit.
1160 4440 1204 4504 Et
1231 4439 1263 4505 in
1289 4446 1375 4512 hunc
