3625 5317
391 808 461 856 cnr.
479 793 540 873 un]
763 810 1004 856 unrsnomcus.
1282 800 1343 856 145

389 960 433 1023 sb
441 959 655 1037 accidente,et
663 984 701 1024 eo
709 930 1024 1044 mogisintelligente,
1032 962 1222 1045 etjubemus
1230 960 1341 1025 seden-

390 1071 453 1123 tem
473 1061 519 1124 vel
539 1062 756 1147 disputantem
775 1085 884 1127 vocare
903 1064 945 1129 sd
959 1084 1035 1127 uos:
1062 1062 1166 1149 palum
1189 1062 1338 1149 quonism

391 1161 526 1225 eundem
547 1166 724 1248 opinantes,
738 1176 770 1227 et
785 1162 956 1230 secundum
977 1186 1102 1245 nomen,
1116 1177 1149 1229 et
1166 1161 1338 1229 secundum
1420 1196 1426 1207 ·

390 1262 535 1327 accidens
554 1262 747 1349 significum
773 1286 850 1349 ergo
869 1264 953 1329 idem
975 1265 1258 1351 (quemadmodum
1274 1264 1341 1328 dic-

392 1375 460 1428 tum
490 1368 553 1447 est)
584 1364 751 1452 tripliciter
773 1369 959 1432 dividatur.
1006 1369 1122 1454 ltaque
1150 1389 1213 1431 non
1244 1365 1339 1429 modo

390 1464 623 1543 definitionum,
643 1467 698 1531 sed
720 1468 854 1553 generis,
875 1468 1008 1555 proprii,
1030 1469 1213 1542 accidentis,
1235 1490 1340 1531 neees-

391 1566 472 1629 saris
486 1579 534 1630 est
556 1570 707 1653 cognitio,
723 1582 787 1633 tam
807 1569 845 1633 sd
869 1570 1088 1646 astruendum,
1103 1592 1199 1655 quam
1222 1569 1262 1632 cd
1286 1566 1339 1629 de-

391 1668 579 1733 struendum
606 1694 644 1735 es
668 1670 877 1755 problemate,
902 1694 977 1757 qrtoe
1004 1672 1045 1736 dc
1070 1672 1180 1734 eodem
1206 1684 1282 1735 sunt
1307 1683 1339 1733 et

390 1768 528 1851 diverso,
549 1773 604 1837 sed
627 1772 705 1837 nihil
727 1773 767 1837 sd
790 1773 977 1838 ulterutram
1004 1795 1131 1859 operum
1154 1772 1339 1836 definitione

391 1872 512 1953 utilius,
526 1874 673 1960 quoniam
697 1874 775 1939 nihil
791 1874 959 1950 efficacius,
976 1873 1052 1938 nihil
1073 1873 1179 1939 notius
1193 1885 1252 1937 est.
1300 1873 1337 1935 ln

389 1972 429 2038 iis
443 1986 548 2040 autem
562 1989 681 2061 septem
699 1978 977 2058 voluminibusob
992 1979 1169 2043 ubertatem
1186 1976 1339 2047 locorum,

392 2091 535 2142 constare
550 2080 721 2145 rectissime
740 2080 860 2145 dicitur
879 2104 1001 2146 summa
1015 2080 1228 2167 Topicorum:
1255 2101 1339 2166 quoe,

391 2191 430 2243 ut
452 2181 496 2242 ait
522 2179 678 2261 Isidorus,
701 2182 744 2245 sic
764 2180 851 2245 dicta
873 2194 958 2258 suut,
975 2184 1121 2266 qnoniam
1144 2178 1243 2251 τύπους
1264 2201 1338 2242 con-

391 2282 505 2361 tinent,
526 2281 560 2345 id
585 2296 644 2359 est,
667 2283 762 2361 locos,
785 2286 842 2371 qui
864 2299 938 2349 sunt
957 2297 1216 2369 argumentorum
1239 2281 1340 2360 sedes,

391 2381 496 2445 fontes
515 2402 675 2460 sensuum,
690 2397 721 2447 et
736 2384 874 2467 origines
892 2383 1081 2447 dictionum.
1125 2386 1189 2447 Pro
1203 2407 1241 2446 eo
1255 2382 1339 2445 enim

390 2482 557 2569 disciplina
571 2484 640 2570 ipsa
655 2484 741 2548 dieta
755 2498 802 2549 est
818 2486 950 2571 Topice,
964 2485 1052 2571 quod
1069 2483 1208 2549 locorum
1224 2484 1341 2547 doctri-

393 2607 465 2648 nom
489 2584 575 2648 facit.
621 2585 684 2659 Qui
712 2608 786 2649 vero
812 2585 927 2650 librum
954 2585 1040 2651 hunc
1062 2584 1248 2670 diligentius
1271 2605 1340 2669 per-

396 2697 565 2761 scrutatur,
593 2710 654 2751 non
685 2687 780 2751 modo
810 2687 973 2753 Ciceronis
1001 2700 1035 2751 et
1066 2686 1192 2751 Boethii
1220 2687 1341 2771 topicos

392 2786 433 2849 ab
457 2786 507 2849 his
531 2798 649 2872 septem
673 2786 887 2851 voluminibus
909 2800 1018 2849 erutos
1036 2784 1263 2869 deprehendet,
1285 2784 1340 2848 sed

392 2886 509 2951 librum
530 2886 733 2969 divisionum,
750 2888 807 2973 qui
825 2884 1013 2972 compendio
1032 2887 1213 2962 verborum,
1228 2898 1260 2948 et
1280 2885 1341 2947 ele-

392 2987 501 3073 gantis
517 3009 678 3066 sensuum,
692 2988 775 3052 inter
794 3010 891 3074 opera
907 2987 1047 3063 Boethii,
1062 3009 1135 3072 qnae
1150 2986 1189 3049 ad
1207 2986 1342 3071 logicum

392 3101 548 3173 spectant,
565 3086 756 3171 singularem
771 3088 906 3171 gratiam
924 3099 1036 3151 noctus
1050 3100 1108 3151 est.
1146 3090 1219 3151 Non
1234 3108 1343 3151 omnes

395 3201 499 3253 tamen
526 3187 612 3251 locos
637 3186 712 3249 huic
736 3188 825 3274 operi
851 3187 985 3252 insertos
1010 3188 1156 3264 arbitror,
1184 3187 1261 3275 quis
1285 3210 1343 3251 nec

392 3300 579 3374 potuerunt,
592 3308 692 3371 quum
705 3298 738 3350 et
749 3310 767 3350 a
778 3285 949 3367 modernis,
960 3287 1058 3374 hujus
1070 3302 1235 3375 praeeunte
1250 3288 1344 3353 bene-

394 3390 476 3463 ficio,
492 3412 584 3476 aeque
598 3389 788 3453 necessarios
802 3387 983 3454 evidentius
994 3390 1135 3477 quotidie
1150 3390 1256 3455 doceri
1271 3414 1345 3455 oon-

395 3490 536 3576 spiciam.
580 3494 735 3555 Versatur
756 3490 788 3554 in
809 3490 859 3555 his
877 3491 1075 3581 inventionis
1088 3493 1229 3567 materia,
1246 3514 1342 3578 quam

395 3590 506 3655 hilaris
517 3590 675 3656 memoriae
689 3590 873 3655 Willelmus
888 3591 929 3655 de
945 3592 1129 3678 Compellis,
1141 3593 1342 3677 postmodum

396 3693 640 3758 Catalaunensis
656 3693 847 3778 Episcopus,
862 3692 1018 3771 definivit,
1034 3694 1091 3757 etsi
1109 3715 1171 3757 non
1192 3694 1344 3780 perfecte,

396 3816 465 3857 esse
480 3794 640 3859 scientiam
663 3794 840 3880 reperiendi
859 3794 996 3859 medium
1020 3795 1203 3875 terminum,
1217 3810 1249 3860 et
1270 3796 1346 3861 indo

393 3893 539 3959 eliciendi
564 3908 802 3980 argumentum.
848 3897 956 3972 Quum
982 3896 1067 3959 enim
1095 3895 1136 3959 de
1158 3896 1347 3963 inhaerentic

395 3995 575 4076 dubitetur,
598 3996 807 4061 necessarium
830 4008 877 4060 est
900 3996 1030 4082 aliquod
1052 3996 1171 4083 inquiri
1194 4000 1348 4074 medium,

394 4097 488 4183 cujus
510 4099 693 4162 interventu
713 4096 903 4180 copulentur
926 4110 1086 4162 extrema:
1119 4121 1184 4185 qus
1206 4098 1349 4183 specule-

396 4196 492 4275 tione,
508 4221 548 4261 sn
563 4198 672 4285 aliqua
687 4196 844 4278 subtilior,
860 4202 909 4262 rel
925 4197 965 4261 sd
986 4221 1051 4262 rem
1067 4198 1222 4263 efficacior
1235 4197 1346 4271 fuerit,

396 4320 458 4361 non
479 4298 571 4361 facile
595 4298 741 4363 dixerim.
786 4297 936 4363 Medium
958 4321 1034 4361 vero
1056 4299 1265 4361 necessarium
1288 4308 1347 4370 est,

397 4398 455 4463 ubi
470 4400 518 4464 vis
532 4400 708 4465 inserentiae
728 4400 761 4463 iu
778 4400 920 4464 terminis
940 4398 1092 4462 vertitur:
1122 4398 1148 4461 si
1162 4395 1245 4459 euim
1268 4395 1351 4461 inter

441 4520 513 4566 von.
530 4522 559 4567 v.
887 4519 907 4561 n
991 4507 996 4520 ·
