3625 5317
467 787 530 846 266
724 800 861 845 sorsum
877 798 1155 844 sususuunrsusrs

491 952 583 1025 Quod
596 957 720 1015 natura
734 952 920 1033 stnpulortc
935 956 1067 1012 tontum
1082 952 1181 1022 nonu,
1197 954 1403 1016 animalia

604 1054 699 1133 quusi
713 1053 858 1135 quodum
872 1051 1179 1135 rmionhfiqmcntc
1193 1060 1283 1117 cunt.

469 1152 528 1215 Est
542 1152 752 1227 individuum,
769 1152 923 1238 quicquid
937 1164 1051 1216 nutum
1065 1155 1195 1231 crescit,

554 1254 799 1338 Consormisque
815 1265 916 1318 status
930 1267 980 1317 est
993 1255 1123 1318 rutiouis
1137 1276 1231 1338 opus.
1359 1262 1422 1320 800

469 1354 503 1417 si
519 1356 590 1438 quis
606 1356 807 1419 Aristotelem
823 1355 960 1439 primum
974 1376 1041 1418 uon
1056 1369 1167 1420 censet
1180 1358 1379 1433 habendum,

557 1459 632 1522 Nou
647 1456 754 1520 reddit
768 1458 887 1521 meritis
901 1459 1034 1541 praemio
1048 1457 1148 1540 dignu
1160 1460 1238 1523 suis.

469 1559 604 1623 Cunctis
618 1560 812 1643 principium
828 1559 963 1622 finemve
978 1557 1107 1623 dedisse
1123 1562 1279 1642 probatur

557 1660 705 1738 Artibuu3
729 1662 854 1735 evincit,
868 1661 1025 1745 quicquid
1039 1662 1160 1725 habere
1175 1665 1276 1747 cupit.

469 1758 563 1834 Quod
579 1763 683 1845 potuit
698 1782 889 1847 quemquam
904 1762 985 1824 ratio
1001 1762 1166 1827 munduca
1180 1764 1309 1840 docere,
1357 1768 1421 1827 800

560 1865 647 1928 Huic
663 1864 762 1941 dedit,
777 1873 813 1926 ut
826 1864 940 1927 fierent
954 1863 1105 1946 dogmata
1119 1866 1219 1948 plena
1233 1865 1308 1929 fide.

569 1967 661 2040 Quod
676 1968 855 2029 Aristoteles
869 1964 974 2029 dictus
989 1972 1036 2029 est
1040 1967 1144 2047 filius
1159 1966 1331 2049 Apollinis.

470 2068 637 2153 Quicquid
651 2070 737 2133 enim
753 2068 873 2144 docuit,
889 2068 1040 2132 docuisse
1054 2080 1184 2152 putatur
1199 2072 1328 2152 Apollo,

558 2174 584 2235 A
601 2192 665 2255 quo
681 2172 880 2255 progenitum
896 2171 1004 2234 sabula
1020 2170 1136 2234 Graecs
1149 2172 1254 2235 refert.

588 2273 682 2347 Quod
694 2272 875 2336 Aristoteles
889 2272 1030 2335 omnibus
1044 2272 1173 2334 studuit
1185 2272 1323 2336 obviare.

471 2372 611 2438 Plurima
625 2397 721 2459 quum
738 2386 823 2439 recte
839 2376 963 2451 doceat,
978 2387 1085 2439 tamen
1101 2386 1184 2439 errat
1197 2376 1233 2438 in
1247 2376 1314 2453 illo,

557 2475 653 2551 Quod
668 2464 794 2561 semper
808 2478 940 2563 reliquis
955 2480 1068 2541 obvim
1083 2478 1129 2540 ire
1144 2489 1254 2561 puret3
1358 2481 1423 2541 800

471 2580 556 2642 Num
570 2580 647 2642 licet
663 2580 694 2642 in
711 2580 843 2643 summis
858 2580 952 2643 fuerit
965 2582 1136 2663 praecisrns
1151 2578 1331 2655 habendus,
1357 2605 1370 2630 κ

557 2680 712 2763 Captatur
725 2680 829 2745 laudis
844 2681 1072 2744 immoderatus
1086 2693 1163 2744 erut.

471 2781 704 2868 Philosophum
718 2784 818 2847 virtus
834 2785 967 2860 clarum,
981 2804 1048 2845 uon
1063 2783 1165 2864 gloria
1179 2804 1263 2846 vans

561 2884 692 2964 Reddit,
706 2886 811 2949 honor
826 2906 919 2948 verus
929 2883 1033 2948 leudis
1047 2905 1155 2949 umore
1169 2886 1260 2969 perit.

717 2986 807 3061 Quid
820 2988 927 3051 decem
938 2986 1176 3068 philosophum.
1235 3048 1240 3055 ,

471 3088 688 3173 Philosophus
703 3089 828 3171 sategit,
842 3101 878 3153 ut
893 3110 984 3152 mens
998 3088 1191 3173 respondent
1205 3090 1262 3165 ori,
1358 3092 1423 3151 880

559 3190 606 3252 Ut
619 3191 722 3272 probs
737 3190 777 3252 sit
792 3189 898 3252 uerbis
914 3208 1058 3253 consono
1072 3189 1139 3253 vitu
1153 3190 1260 3253 bouis.

473 3290 548 3350 Nou
564 3299 600 3351 ut
614 3288 685 3370 quis
700 3299 786 3353 recte
799 3288 952 3371 loquitur,
969 3308 1045 3350 mox
1060 3287 1317 3372 philosophatur,

559 3390 625 3456 Sed
640 3391 694 3476 qui
709 3392 755 3455 sic
771 3392 857 3471 vivit,
875 3403 911 3456 ut
925 3394 1013 3456 bonu
1027 3412 1154 3474 semper
1167 3405 1251 3472 agat

473 3494 556 3557 Num
574 3493 731 3556 Venerem
748 3493 878 3577 culpare
895 3502 1002 3575 potest
1014 3492 1135 3554 lasciva
1149 3492 1269 3575 puella,

558 3595 674 3660 Virtuti
689 3595 803 3660 laudes
820 3594 927 3659 dicere
942 3614 1050 3657 scurra
1065 3605 1182 3677 potest,
1361 3598 1426 3657 870

473 3696 601 3762 Iudocti
617 3710 754 3781 possunt
768 3698 946 3780 sapientum
964 3697 1061 3759 verbu
1076 3694 1200 3772 referre,

561 3798 677 3861 Peccut
691 3808 724 3861 et
737 3797 894 3861 interdurn
909 3798 1020 3879 lingua
1035 3796 1136 3880 perita
1148 3797 1252 3877 loqui.

474 3900 562 3975 Quod
574 3898 772 3963 Aristotelem
780 3900 856 3961 uicit
862 3899 980 3982 glorio,
991 3918 1089 3980 prtum
1099 3898 1202 3961 nerhs's
1211 3900 1425 3980 impugnavit.

472 4000 584 4065 Vincit
599 3999 785 4063 Aristoteles
798 4000 890 4077 ulios,
905 4000 991 4063 hunc
1007 3999 1109 4080 glorie
1122 4019 1216 4077 runa,

560 4102 663 4177 Quum
679 4111 784 4163 tumen
800 4100 970 4184 impugnat
985 4110 1018 4162 et
1032 4100 1129 4163 docet
1142 4122 1211 4164 esse
1225 4102 1318 4165 nihii.

475 4204 566 4279 Quod
582 4202 784 4287 philosophia
804 4222 924 4265 cunum
943 4203 1079 4283 plurium
1091 4205 1207 4285 supet,
1226 4204 1312 4266 nicto
1332 4204 1429 4284 prius

764 4304 922 4385 uoluptate
935 4309 967 4366 et
980 4304 1133 4367 warina.

475 4408 556 4471 Haec
572 4418 630 4485 est,
641 4417 828 4491 prestantes
840 4428 912 4491 quae
924 4405 1043 4470 deserit
1054 4406 1166 4469 ultima
1180 4420 1314 4483 mentes,
1364 4410 1428 4469 sto
