3625 5317
679 807 756 854 vrra
773 807 1062 854 canceraremur.
1281 799 1342 857 tal

395 961 466 1024 vult
485 959 573 1024 dicit.
618 957 666 1022 At
684 981 746 1040 ego
767 959 859 1037 vado,
877 981 943 1044 quo
961 981 1013 1024 me
1036 958 1212 1025 necessitas
1234 963 1349 1038 trabit;

396 1069 523 1142 oportet
537 1079 588 1122 mc
602 1057 682 1123 iliud
698 1062 817 1144 exequi
837 1061 924 1144 quod
938 1061 1101 1144 professus
1114 1082 1196 1139 sum,
1209 1072 1243 1124 et
1259 1082 1349 1124 mau-

280 1206 284 1216 r
397 1160 481 1224 datie
503 1159 574 1244 ejus
595 1160 727 1224 obedire
750 1162 842 1246 cujus
868 1161 1093 1226 ministerium
1106 1161 1208 1242 gero.”
1252 1162 1352 1227 Curia

397 1262 542 1326 turbatur
555 1260 597 1324 ad
617 1261 700 1336 hnc,
715 1282 802 1324 reum
826 1262 1001 1344 majestatie
1019 1263 1209 1326 Anaeimum
1227 1263 1351 1338 asserit,

397 1361 610 1427 contumelias
628 1362 758 1443 profert,
777 1374 810 1424 et
833 1362 998 1445 proposito
1020 1363 1071 1425 eui
1087 1361 1264 1445 applaudit.
1307 1365 1352 1426 At

395 1463 451 1528 ille
466 1462 626 1545 patienter
640 1461 776 1526 sustinet
786 1461 1041 1541 indignationem
1056 1461 1198 1537 concilii,
1209 1461 1353 1541 gaudena

398 1562 486 1647 quod
509 1571 542 1626 et
562 1563 633 1645 ipae
656 1562 773 1644 dignus
795 1563 943 1626 iuventus
965 1574 1014 1626 eat
1035 1583 1094 1645 pro
1119 1561 1251 1624 uomina
1274 1562 1353 1626 Jeau

399 1663 627 1728 contumeliam
650 1663 726 1746 pati.
772 1663 956 1744 Ingreditur
976 1663 1020 1726 ad
1041 1683 1150 1744 regem
1171 1663 1260 1726 vultu
1283 1663 1352 1745 pla·

400 1763 484 1842 cido,
500 1766 638 1827 offerens
652 1764 682 1827 ei
697 1763 957 1828 benedictionem
971 1785 1062 1827 auam
1076 1775 1150 1826 ante
1165 1762 1355 1840 discessum,

400 1863 427 1926 ei
458 1883 527 1926 earn
557 1863 612 1926 ille
640 1885 705 1926 non
736 1875 874 1947 respuat.
931 1864 1035 1935 Quam
1066 1883 1165 1947 quum
1191 1883 1249 1924 rex
1276 1881 1354 1925 cou-

400 1963 588 2045 quiniscens
609 1983 642 2026 se
664 1985 731 2026 non
749 1955 890 2048 abjiceie
911 1963 1136 2045 responderet;
1160 1962 1356 2046 persecutori

401 2084 460 2126 auo
477 2063 649 2126 benedixit
674 2084 713 2127 ex
739 2066 846 2127 animo
867 2064 1141 2146 archiepiscopus,
1160 2075 1191 2127 et
1210 2083 1358 2145 egressam

402 2175 460 2228 eet.
514 2164 578 2236 Qui
606 2186 678 2228 vero
703 2165 809 2228 Deum
835 2165 1003 2241 timebant,
1027 2166 1215 2229 Anaelmum
1239 2166 1356 2228 affectu

403 2276 436 2328 at
456 2263 537 2326 rotie
557 2266 718 2348 prosecuti
738 2277 823 2339 sunt,
838 2277 871 2330 et
890 2277 1045 2349 qnantum
1065 2265 1186 2329 licebat
1205 2265 1359 2350 precibus

404 2376 437 2428 et
458 2365 794 2430 commendationibus
811 2366 979 2451 jurabunt.
1023 2367 1097 2430 Rex
1115 2381 1222 2432 autem
1244 2367 1278 2429 in
1301 2387 1359 2430 auu

403 2466 525 2530 feritate
548 2467 688 2550 persistit
697 2490 707 2544 3
729 2481 765 2532 ut
784 2469 943 2534 videretur
957 2469 1069 2534 merito
1085 2471 1175 2535 Deua
1189 2469 1358 2534 recessisse

404 2568 446 2630 ab
462 2587 509 2632 co.

408 2969 489 3051 Cap.
514 2970 543 3030 9.
568 2965 742 3028 Anoelmue
763 2966 799 3026 in
821 2965 959 3029 cecilium
981 2974 1030 3029 eet
1050 2966 1221 3046 relepataa.
1279 2968 1361 3030 Con·

452 3069 596 3131 tuoriom
635 3068 776 3142 amaena,
802 3085 901 3129 cauco
940 3069 1070 3130 itinerar
1102 3070 1271 3132 conomrtui
1301 3087 1362 3132 auo

452 3169 593 3234 ecclesio
618 3168 799 3230 Salvatoria
824 3167 1069 3230 cantuariensis
1098 3172 1257 3250 expetitu,
1287 3178 1363 3232 ante

453 3287 615 3332 nummum
644 3267 751 3330 ultore
775 3267 897 3330 Okrieti
918 3277 1048 3350 compto
1067 3290 1153 3351 pera
1178 3279 1212 3334 et
1238 3271 1363 3346 baculo,

453 3387 526 3432 cum
555 3367 774 3430 benedictione
810 3370 1012 3433 commendat
1054 3373 1196 3452 acapnum
1227 3373 1298 3436 Deo
1333 3379 1366 3434 et

446 3467 601 3548 fidelium
615 3467 824 3531 orationibus.
873 3468 1114 3532 Commendatio
1128 3471 1271 3535 Romam
1278 3491 1363 3552 pon·

456 3568 552 3650 tr'fieis
568 3568 733 3632 Ametmo.

455 3772 610 3834 Veniens
626 3768 702 3832 inde
717 3769 982 3852 archiepiscopus
998 3769 1214 3848 Cuntuatiam,
1228 3770 1332 3852 primo
1347 3793 1367 3836 o

411 3868 560 3933 fratribus
583 3868 661 3945 suis,
682 3867 801 3931 deinde
823 3889 843 3931 a
864 3869 945 3931 locio
968 3869 1204 3932 uenerabilibus
1226 3882 1260 3934 et
1278 3869 1365 3932 omni

413 3971 500 4034 clero
521 3979 554 4032 et
575 3968 695 4049 populo
717 3968 882 4031 licentiam
908 3969 1046 4053 accepit,
1067 3969 1217 4052 expositu
1238 3966 1367 4051 publico

415 4088 515 4134 cauea
539 4066 671 4130 itineris.
717 4066 854 4150 Sumpta
881 4068 990 4152 itaquo
1019 4081 1093 4134 ante
1121 4070 1218 4132 altare
1247 4068 1369 4132 Christi

416 4188 503 4234 more
517 4168 785 4250 peregrinantium
802 4189 879 4250 pera
893 4180 926 4231 et
944 4171 1071 4248 bacuio,
1086 4171 1158 4231 Deo
1176 4179 1210 4230 ct
1223 4167 1366 4231 fidelium

415 4269 611 4332 orationibus
629 4289 719 4332 auam
740 4268 969 4332 commendans
982 4268 1280 4354 peregrinationem,
1296 4289 1370 4351 pro-

418 4379 571 4453 sequente
588 4389 660 4432 eum
678 4369 798 4449 gemitu
812 4380 844 4432 et
858 4370 997 4434 lacrimis
1017 4370 1159 4433 omnium
1179 4371 1243 4432 fore
1258 4370 1371 4436 iucun-
