3625 5317
763 804 983 851 aaraarrcus.
1287 793 1352 851 26⁶

486 956 582 1019 Nunc
598 956 667 1019 sine
684 957 871 1038 corporibus
880 956 973 1039 jussa
988 956 1125 1019 creantis
1139 964 1248 1037 agunt,

398 1052 469 1115 Nec
486 1068 629 1137 pereunt,
643 1057 795 1139 quoniam
810 1058 890 1121 ratio
907 1058 1068 1140 virtusque
1082 1055 1231 1140 perennis

484 1154 648 1231 Ethelum,
663 1167 700 1218 ut
713 1156 745 1217 iu
761 1156 813 1219 his
828 1168 952 1220 constet
966 1157 1071 1238 imago
1086 1156 1160 1219 Dei.
1285 1159 1351 1221 820

605 1255 658 1319 Dc
672 1256 845 1319 Aristotele
859 1262 891 1319 et
904 1256 1049 1337 dogmate
1062 1255 1140 1334 ejus.

397 1354 535 1435 Magnus
550 1356 736 1419 Aristotcles
751 1376 931 1419 sermonum
946 1355 1091 1438 possidet
1106 1367 1188 1419 artes

482 1456 528 1518 Et
544 1454 585 1518 de
600 1456 750 1519 virtutum
766 1456 907 1519 culmine
922 1476 1042 1519 nomen
1056 1456 1163 1531 habet,

395 1556 414 1619 J
418 1555 516 1619 udicii
531 1556 630 1621 libros
645 1557 811 1641 componit
825 1568 857 1620 et
871 1554 1054 1619 inveniendi

483 1659 578 1736 Vera,
590 1658 759 1723 facultates
773 1671 837 1721 tres
851 1658 1043 1720 famulantur
1057 1658 1106 1719 ei:

396 1757 554 1841 Physicus
569 1773 618 1822 est
632 1780 801 1843 moresque
817 1758 922 1837 docet,
938 1757 996 1821 sed
1009 1757 1117 1839 logica
1130 1761 1227 1823 servit
1284 1765 1347 1825 8⁴25

482 1860 614 1923 Auctori
629 1882 753 1945 semper
767 1861 911 1925 officiosa
925 1880 995 1922 suo.

397 1962 430 2023 H
433 1982 479 2025 aec
494 1963 540 2025 illi
555 1984 673 2026 nomen
688 1964 852 2047 proprium
867 1962 946 2026 facit
959 1982 1042 2039 esse,
1056 1958 1144 2043 quod
1158 1962 1234 2026 olim

481 2066 590 2129 Donat
604 2066 736 2129 amatori
752 2086 841 2129 sacra
856 2062 980 2149 Sophia
993 2084 1072 2138 suo;

397 2166 480 2229 Nam
495 2168 550 2251 qui
565 2167 728 2251 praecellit,
744 2168 826 2231 usuri
841 2166 1022 2231 communis
1037 2166 1190 2231 honorem
1379 2246 1385 2254 Ι

481 2270 651 2349 Vindicat3
674 2271 735 2335 hoc
751 2271 849 2335 fertur
853 2270 927 2353 jure
942 2282 1038 2355 poeta
1052 2271 1156 2335 Maro.
1282 2276 1346 2337 880

679 2375 731 2437 De
744 2394 850 2436 errore
866 2373 1056 2436 Aristotelis.

398 2469 461 2535 Sed
476 2484 580 2537 tamen
596 2476 720 2555 erravit,
734 2476 810 2539 dum
825 2475 1009 2541 sublunaria
1023 2496 1100 2539 casu

481 2572 625 2641 Credidit
640 2589 672 2640 et
686 2578 757 2641 fatis
772 2579 921 2641 ulteriora
936 2579 1011 2660 geri.

397 2672 470 2737 Nou
487 2688 536 2741 est
549 2680 667 2743 arbitrii
682 2682 813 2743 libertas
828 2700 902 2742 sera
917 2680 1043 2755 creatis,

481 2779 583 2851 Quam
600 2783 703 2844 solum
717 2780 812 2864 plene
828 2780 909 2842 dicit
922 2778 1040 2841 habere
1055 2780 1172 2842 Deum.

396 2879 560 2963 Quicquid
574 2883 651 2945 luna
665 2881 791 2964 premit,
807 2901 848 2943 ex
864 2890 1003 2962 quatuor
1017 2888 1067 2941 est
1080 2880 1256 2953 elementis,
1282 2886 1345 2945 835

480 2983 526 3045 Et
540 3005 613 3066 qua
628 2981 867 3059 transcendunt,
883 2980 1079 3062 simpliciora
1092 2990 1193 3064 putat.

396 3084 520 3166 illaque
535 3096 689 3167 perpetua
703 3082 816 3148 definit
830 3104 911 3167 pace
926 3082 1043 3162 vigere,

481 3186 561 3258 Ques
578 3206 674 3269 supra
684 3174 789 3250 ¹solem
804 3184 943 3249 circulus
958 3183 1042 3247 altus
1056 3184 1164 3247 habet.

395 3286 469 3350 Nou
485 3287 530 3349 ibi
547 3288 749 3351 committunt
764 3284 894 3369 aliquod
909 3285 1065 3348 connatis
1078 3284 1210 3364 bellum,

479 3389 750 3473 Namtranquilla
764 3389 854 3471 quies
870 3387 1019 3450 ulteriora
1032 3387 1128 3451 foret
1280 3392 1344 3455 840

585 3492 679 3565 Quod
692 3492 811 3553 cairan
825 3490 866 3551 de
879 3490 996 3570 quinta
1009 3488 1159 3552 essentia.

396 3593 442 3655 Ut
457 3592 571 3657 fierent
586 3594 710 3671 animae,
726 3592 903 3656 substantia
918 3591 1031 3675 quinta
1045 3600 1180 3669 creatur,

480 3696 530 3759 De
546 3718 609 3779 qua
623 3694 763 3779 signiferi
779 3704 903 3757 constat
918 3692 1007 3772 origo
1020 3691 1097 3773 poli.

395 3797 456 3860 llla
470 3798 634 3861 beatorum
649 3796 753 3873 sedes,
768 3796 838 3859 haro
855 3796 931 3857 aula
943 3793 1099 3868 Deorum,

479 3900 564 3962 Nam
578 3899 682 3979 magis
696 3908 770 3981 apta
786 3898 869 3973 Deo,
884 3916 957 3979 qua
972 3894 1125 3977 pavitare
1140 3908 1258 3961 carent.

334 4002 360 4049 ⁰
393 4002 558 4065 AEtemum
575 3998 728 4063 muudum
744 3998 854 4061 statuit
869 4007 1060 4081 tempusque
1075 4017 1229 4075 coaevum,
1282 4003 1345 4062 sto

480 4104 607 4185 Hisque
622 4113 799 4165 coaternus
814 4098 931 4161 dicitur
945 4119 1015 4161 esse
1029 4098 1131 4161 locus.

394 4205 514 4289 Nilqus
530 4203 631 4288 perire
647 4200 753 4275 docet,
769 4200 825 4264 sed
840 4198 873 4261 in
889 4200 998 4263 orbem
1015 4208 1131 4262 cuncta
1145 4198 1240 4260 rotari

480 4308 526 4370 Et
539 4309 613 4371 loca
628 4304 824 4387 temporibus
840 4302 992 4385 quaelibet
1006 4310 1082 4381 apta
1093 4299 1172 4361 suis·
