3625 5317
425 767 598 846 marris]
779 784 1023 831 unrsnomcus.
1338 774 1379 832 2⁷

426 950 555 1003 auctore
578 935 723 1011 Platone,
745 936 813 1021 qui,
834 936 915 1001 sicut
938 935 1134 1017 Victoriana,
1152 948 1185 1001 et
1209 934 1263 1000 alii
1285 935 1382 1001 multi

426 1050 594 1114 testantur,
609 1050 641 1103 et
656 1037 860 1103 certissimam
872 1036 1016 1102 omnium
1031 1058 1137 1101 rerum
1152 1048 1299 1102 naturam
1313 1056 1382 1101 esse

424 1140 571 1217 asseruit,
583 1140 723 1205 divinam
735 1138 948 1205 voluntatem:
969 1139 1127 1226 siquidem
1139 1152 1255 1207 natura
1264 1152 1383 1217 creata,

423 1242 465 1307 ab
479 1242 540 1307 hoc
553 1243 643 1308 fonte
664 1252 781 1319 manat,
795 1255 828 1309 et
848 1241 1005 1329 quicquid
1027 1255 1190 1328 operatur,
1204 1242 1310 1328 operis
1331 1241 1382 1305 sui

388 1342 392 1347 ’
423 1346 532 1410 Deum
553 1344 649 1411 babet
672 1360 850 1411 auctorem:
877 1346 924 1411 ita
946 1345 1086 1433 quidem,
1107 1345 1167 1410 nisi
1187 1346 1231 1410 sit
1250 1366 1383 1430 corrup-

422 1446 519 1511 tionis
539 1469 632 1534 opus,
647 1461 681 1513 et
704 1448 822 1536 culpa,
835 1446 868 1512 in
889 1468 966 1533 quo,
981 1448 1024 1512 ab
1040 1458 1170 1512 auctore
1189 1468 1250 1511 suo
1263 1459 1382 1511 natura

423 1546 604 1633 degenerat.
650 1550 705 1614 Vis
726 1549 834 1635 itaque
855 1549 1052 1635 originaliter
1072 1550 1176 1615 indita
1196 1549 1326 1634 cuique,
1340 1570 1382 1613 ex

423 1670 488 1733 qua
508 1672 602 1735 opus,
615 1662 673 1715 aut
695 1650 846 1736 aptitudo
865 1649 1024 1735 procedit,
1039 1662 1154 1714 natura
1172 1650 1303 1736 quidem
1322 1660 1382 1723 eat,

424 1748 480 1812 sed
496 1762 615 1814 creata.
662 1750 755 1813 Alias
777 1748 909 1835 quidem
926 1748 1138 1831 definitiones,
1151 1772 1226 1836 quae
1248 1749 1382 1835 sparsim

424 1850 456 1914 iu
472 1850 606 1915 diversis
628 1849 833 1937 reperiuntur
850 1849 1047 1929 auctoribus,
1061 1873 1100 1914 eo
1114 1851 1305 1938 plerumque
1320 1862 1383 1915 tra-

424 1951 546 2016 hendas
556 1951 705 2029 arbitror,
716 1964 752 2015 ut
765 1964 890 2027 natura,
901 1971 978 2038 quae
989 1962 1095 2015 creata
1103 1964 1162 2026 est,
1172 1950 1381 2016 describatur.

424 2056 509 2119 Nam
525 2066 557 2118 et
572 2051 655 2138 iguis
670 2051 798 2127 artifex,
814 2055 871 2139 qui
886 2074 945 2138 per
958 2051 1132 2117 invisibiles
1146 2051 1224 2128 vias,
1236 2051 1382 2139 procedit

423 2154 465 2219 ad
480 2175 530 2219 res
545 2154 685 2220 visibiles
700 2154 921 2242 procreandae,
937 2168 1064 2220 creatus
1084 2154 1215 2242 quidem
1229 2167 1297 2221 est:
1325 2155 1381 2219 sed

423 2278 501 2342 pace
512 2256 702 2331 Aristotelis,
718 2268 750 2321 et
767 2255 937 2332 Chalcidii,
952 2279 1024 2322 eum
1037 2269 1184 2322 naturam
1199 2280 1267 2321 esse
1281 2256 1382 2342 aliqui

424 2357 612 2425 diffitentur.
655 2362 740 2425 Item
761 2358 954 2446 principium
976 2372 1084 2425 motus
1105 2359 1278 2425 secundum
1303 2380 1383 2435 se‚a

425 2460 498 2523 Deo
526 2459 675 2525 babuisse
704 2459 844 2536 initium,
870 2481 929 2526 nec
955 2460 1158 2526 Aristotelem
1187 2472 1381 2547 negaturum

424 2560 528 2627 credo.
574 2563 625 2627 De
639 2562 776 2627 Boethio
790 2576 898 2627 certus
913 2584 999 2626 sum:
1023 2563 1102 2649 quia
1115 2561 1161 2642 id,
1177 2562 1263 2650 quod
1278 2563 1382 2627 facere

424 2662 475 2747 vel
499 2663 568 2750 pati
594 2676 711 2750 potest,
734 2687 798 2729 non
824 2664 955 2749 negabit
976 2686 1044 2728 ease
1065 2675 1217 2729 creatum.
1264 2664 1325 2728 Sed
1348 2677 1381 2730 et

424 2784 688 2850 unamquamque
699 2784 765 2828 rem
779 2764 952 2828 informans
963 2764 1109 2850 specifica
1123 2762 1312 2839 differentia,
1324 2777 1380 2829 aut

424 2864 525 2929 abeo
546 2878 605 2942 est,
624 2888 682 2951 per
703 2887 798 2951 quem
821 2864 907 2928 sacta
928 2878 1004 2928 sunt
1026 2866 1150 2928 omnia:
1175 2878 1233 2928 aut
1254 2865 1383 2928 omnino

426 2962 508 3027 nibil
522 2980 579 3027 est.
615 2962 694 3027 Aliis
709 2984 839 3048 quoque
853 2961 957 3026 modis
971 2974 1088 3025 natura
1098 2962 1304 3028 describitur:
1327 2964 1382 3028 sed

427 3061 582 3148 quicquid
610 3061 700 3125 aliud
729 3086 748 3126 a
772 3060 940 3126 Platonico
963 3062 1105 3148 ponitur,
1130 3076 1187 3129 aut
1211 3063 1252 3127 de
1275 3086 1382 3128 rerum

426 3184 560 3228 numero
575 3160 749 3228 tollendum
773 3171 831 3239 est,
847 3175 904 3226 aut
919 3160 1036 3227 divinis
1057 3162 1208 3250 operibus
1223 3164 1383 3230 ascriben-

426 3264 515 3328 dum.
547 3264 610 3329 Sed
625 3274 755 3328 utamur
767 3262 808 3327 ad
824 3282 965 3348 praeseus
977 3286 1082 3350 prima
1096 3262 1290 3342 definitione,
1306 3286 1382 3353 qua:

426 3364 466 3428 ad
490 3386 584 3429 usum
608 3363 774 3451 praesentis
795 3363 924 3428 articuli
946 3364 1049 3449 magis
1068 3364 1198 3430 videtur
1220 3367 1381 3432 accedere.

426 3467 509 3531 Esto
522 3488 615 3551 ergo:
635 3464 676 3531 sit
692 3477 815 3550 potens,
828 3477 860 3529 et
872 3464 980 3529 efficax
994 3464 1042 3528 vis
1056 3464 1110 3529 illa
1119 3466 1270 3551 genitiva,
1280 3466 1383 3534 indita

426 3568 523 3633 rebus
548 3567 760 3653 originaliter:
795 3580 891 3644 certe,
915 3568 997 3632 sicut
1025 3568 1103 3632 vitio
1129 3568 1302 3656 corrumpi,
1324 3584 1382 3637 aut

426 3671 586 3759 impediri,
602 3670 647 3736 sic
670 3671 764 3736 variis
780 3671 983 3736 adminiculis
1005 3670 1156 3758 reparari,
1171 3672 1220 3737 vel
1235 3672 1382 3760 adjuvari

425 3784 542 3861 potest.
588 3776 673 3839 Nam
693 3785 724 3837 et
747 3773 840 3859 pueri
860 3771 959 3857 vulgo
980 3774 1138 3858 garriunt,
1158 3795 1231 3837 eum
1250 3775 1382 3860 gerendi

426 3876 548 3962 aliquid
565 3874 682 3940 habere
697 3873 909 3960 aptitudinem
925 3872 1115 3953 naturalem,
1126 3875 1178 3939 cui
1192 3876 1383 3963 aptitudinis

428 3992 562 4061 negatus
577 3990 625 4042 est
640 3998 736 4049 usus:
763 3975 851 4061 quod
868 3975 952 4039 enim
966 3976 1130 4062 gressibile
1144 3989 1203 4053 est,
1219 3976 1383 4042 interdum

428 4077 519 4162 gradi
540 4100 604 4142 non
627 4089 744 4163 potest,
767 4090 799 4142 et
822 4076 879 4162 qui
903 4075 992 4161 bipes
1013 4090 1061 4141 est
1082 4089 1208 4156 natura,
1222 4091 1297 4142 actu
1315 4077 1384 4164 ple·

428 4200 565 4264 rumque
584 4192 670 4243 caret
686 4194 824 4264 utroque
844 4176 937 4263 pede,
952 4176 1000 4241 vel
1016 4176 1125 4243 altero.
1170 4181 1259 4244 Cura
1273 4177 1384 4262 itaque

428 4302 491 4344 non
508 4279 687 4367 superfluit,
702 4280 756 4345 sed
780 4294 925 4345 naturam
935 4280 1044 4364 jurat,
1059 4278 1248 4363 faciliusque
1265 4277 1383 4355 reddit,

428 4382 516 4468 quod
544 4398 648 4448 tamen
676 4397 840 4467 utcunque
865 4382 950 4445 forte
976 4382 1043 4444 fieri
1069 4390 1185 4464 posset.
1240 4382 1324 4444 Nam
1350 4395 1384 4448 et
