3625 5317
401 808 492 855 sacr.
511 772 598 871 ιιι]Ι
700 810 741 855 oa
758 808 890 855 sarrnu
906 809 1075 856 snrrnurs.
1097 798 1104 805 ’
1293 796 1356 855 215

400 960 465 1024 vim
498 982 586 1025 suam
618 960 781 1045 potentius
810 983 918 1025 eorum
942 960 1060 1027 exserit
1086 961 1234 1048 quiaque,
1265 972 1355 1025 tanto

402 1063 554 1148 majorem
578 1062 642 1126 vim
673 1061 797 1147 igneam
828 1063 914 1127 intra
934 1086 968 1128 se
989 1064 1145 1149 probatur
1172 1064 1353 1128 continerer

401 1160 442 1225 de
455 1163 560 1248 prima
573 1162 694 1227 cerebri
709 1176 801 1249 parte
817 1166 862 1228 via
877 1163 1021 1229 animalis
1030 1164 1115 1249 ignis
1131 1166 1163 1227 in
1179 1163 1355 1228 ministerio

400 1285 458 1350 per
472 1285 582 1327 sensus
597 1261 737 1327 diversos
751 1261 963 1337 diffunditur3
988 1264 1028 1328 ad
1044 1263 1152 1328 oculos
1165 1285 1223 1350 per
1237 1262 1353 1339 visum,

400 1365 441 1430 ad
463 1388 557 1430 aures
578 1386 636 1451 per
658 1363 815 1441 auditum,
829 1364 869 1428 ad
892 1387 985 1429 nares
999 1388 1057 1451 ρει
1076 1366 1241 1441 olfactum,
1264 1364 1305 1429 ad
1319 1386 1356 1428 oa

401 1488 459 1551 per
472 1479 615 1551 gustum,
632 1467 673 1531 ad
687 1487 780 1529 omne
800 1487 917 1551 corpus
932 1489 989 1552 per
1009 1479 1130 1532 tactum
1147 1466 1354 1532 ministratur.

403 1564 472 1642 Qui
487 1565 616 1651 quidem
638 1587 747 1629 sensus
762 1586 817 1629 seu
838 1567 985 1631 fenestrae
1009 1586 1075 1653 qun
1097 1567 1226 1631 cerebro
1249 1566 1356 1631 ricini-

400 1689 483 1743 ores‚
498 1690 536 1730 eo
543 1666 722 1751 probantur
736 1666 951 1751 potentiores:
975 1665 1058 1731 oculi
1075 1689 1173 1753 prope
1188 1666 1352 1731 cerebrum

401 1768 519 1849 faciles,
535 1781 680 1855 potentes
694 1767 735 1832 ad
758 1767 1055 1855 contemplandum,
1077 1770 1110 1833 in
1126 1769 1206 1847 ictu,
1222 1769 1266 1833 sic
1281 1791 1355 1833 aera

400 1871 575 1955 spatiosum
583 1868 780 1935 transvolant
789 1880 825 1933 ut
834 1869 875 1934 ad
886 1869 958 1935 coeli
970 1870 1054 1936 celsa
1064 1871 1114 1935 sui
1125 1874 1212 1937 risus
1220 1893 1353 1935 acumen

401 1994 460 2058 ρει
473 1971 627 2037 fenestras
641 1968 869 2035 transmittant.
915 1972 1022 2035 Aures
1035 1994 1055 2036 a
1069 1972 1183 2036 cerebo
1195 1972 1297 2036 oculis
1308 1993 1356 2035 re-

400 2071 551 2135 motiores
581 2069 686 2137 minus
718 2069 787 2133 visu
818 2072 883 2135 vim
914 2092 1004 2135 suam
1033 2071 1232 2137 extendunt:
1263 2094 1355 2137 nares

399 2171 563 2257 praedictis
584 2171 700 2251 minus,
716 2170 770 2235 sed
794 2169 864 2236 aliis
881 2170 1008 2258 longius
1022 2196 1148 2239 sensum
1173 2196 1266 2239 suum
1282 2196 1355 2261 por·

402 2274 531 2357 rigunt:
554 2288 671 2360 gustus
684 2283 775 2339 extra
790 2296 825 2338 os
840 2296 1006 2361 nunquam
1022 2276 1247 2363 progreditur;
1271 2276 1356 2344 intra

401 2389 505 2440 tamen
529 2376 640 2462 majori
663 2398 757 2461 quam
782 2390 887 2441 tactus
916 2377 1094 2444 subtilitate
1122 2380 1236 2457 fertur,
1260 2380 1355 2456 levia,

401 2499 525 2564 aspera,
546 2476 659 2554 calida,
679 2477 807 2564 frigida,
831 2482 925 2557 sicca,
949 2479 1093 2558 humida,
1116 2480 1209 2558 dura,
1235 2482 1354 2557 mollia,

401 2580 484 2644 siout
508 2590 612 2645 lactus
626 2579 789 2656 discernit,
812 2582 864 2645 sed
882 2580 913 2644 in
931 2582 1097 2668 saporibus
1117 2583 1196 2648 alios
1216 2584 1355 2649 excedit.

401 2684 522 2747 Tactus
536 2704 611 2745 vero
629 2682 751 2746 caeteris
765 2681 942 2747 abstrusior
959 2682 1005 2747 nil
1025 2684 1085 2747 nisi
1107 2683 1268 2771 palpando
1282 2707 1355 2773 per-

401 2784 491 2870 cipit,
519 2795 549 2848 et
575 2781 647 2847 ideo
673 2782 826 2869 physicus
852 2804 913 2846 non
941 2783 1055 2849 animae
1084 2784 1268 2865 fenestram,
1298 2788 1353 2852 sed

399 2886 551 2949 nuncium
558 2884 774 2949 coecumdicit.
787 2884 940 2949 interhas
946 2899 1065 2971 septem
1072 2886 1356 2971 animoelenestras,

402 2986 592 3074 principales
613 2987 772 3065 fenestrae,
793 2986 889 3066 oculi,
910 3010 956 3067 os,
970 2999 1003 3051 ει
1024 3008 1117 3052 aures
1138 2987 1301 3067 dicuntur,
1318 3003 1355 3056 ut

403 3090 434 3153 in
449 3090 532 3153 libro
548 3088 631 3153 beati
650 3088 768 3153 Hilarii
784 3088 921 3175 legitur:
948 3089 1040 3155 Sicut
1056 3092 1181 3156 animus
1203 3093 1236 3157 in
1257 3092 1355 3180 scrip«

403 3205 476 3256 tura
496 3214 554 3278 per
577 3192 680 3255 visum
703 3191 744 3255 ad
767 3190 885 3269 literas,
909 3213 966 3278 per
987 3191 1095 3257 literas
1124 3194 1164 3258 ad
1194 3195 1300 3277 rerba,
1322 3207 1355 3260 et

402 3293 531 3357 indeed
556 3292 752 3358 intellectum
774 3295 932 3378 pervenit,
948 3292 992 3358 sic
1013 3294 1046 3357 in
1063 3317 1205 3361 sermone
1225 3320 1282 3384 ρει
1296 3321 1353 3363 au·

400 3393 501 3460 ditum
518 3396 559 3459 ad
572 3395 677 3469 verba,
689 3394 764 3459 inde
779 3395 820 3459 ad
831 3395 1039 3473 intellectum,
1055 3418 1217 3483 perquem
1228 3399 1355 3464 animus

402 3519 508 3561 rerum
528 3496 708 3583 qualitates,
727 3495 827 3562 idest
849 3513 978 3563 naturas
992 3498 1140 3585 concipit.
1188 3503 1239 3567 Sic
1253 3501 1354 3589 igitur

401 3612 525 3663 naturae
546 3597 736 3675 intellectus,
751 3598 928 3663 intellectui
946 3620 1049 3664 sermo
1068 3604 1257 3684 succumbit,
1279 3605 1355 3692 qnia

402 3722 459 3765 nec
474 3723 539 3765 rem
555 3699 747 3781 intellectus,
762 3724 818 3765 nec
835 3701 1031 3766 intellectum
1052 3726 1155 3767 sermo
1177 3706 1267 3791 plene
1283 3730 1354 3793 ρει-

401 3800 497 3889 cipit;
523 3801 627 3867 minus
643 3802 725 3867 enim
743 3802 830 3889 loqui
848 3826 1017 3889 possumus
1028 3825 1123 3890 quam
1135 3806 1354 3891 intelligimus,

402 3900 507 3965 minus
518 3901 727 3987 intelligimus
741 3924 836 3988 quam
850 3926 898 3967 res
915 3924 949 3966 se
964 3902 1081 3969 habeat
1097 3927 1155 3991 pro
1169 3908 1240 3995 ejus
1253 3911 1356 3996 quali-

401 4002 537 4068 tatibus:
561 4016 592 4067 ct
609 4004 784 4069 notandum
802 4005 880 4089 quia
894 4027 949 4069 ore
960 4018 992 4069 et
1008 4020 1112 4072 mente
1128 4007 1273 4094 legimus,
1287 4035 1354 4097 quo

401 4105 620 4190 cognoscimus
646 4104 731 4191 quud
760 4108 850 4171 Deus
873 4106 1039 4172 nobiscum
1058 4111 1219 4195 loquitur:
1243 4134 1297 4177 ore
1323 4130 1355 4180 et

401 4220 505 4271 mente
519 4230 658 4284 oramus,
675 4229 740 4293 qua
752 4207 912 4273 credimus
923 4211 1000 4295 quia
1016 4210 1088 4274 Deo
1104 4215 1351 4281 reconciliamur.

401 4308 463 4371 Hae
478 4330 555 4394 ergo
570 4308 717 4373 lenestrae
733 4308 758 4373 si
768 4307 898 4375 diabolo
913 4312 1115 4390 claudantur,
1131 4316 1156 4378 si
1174 4320 1354 4402 Deoaperi-

401 4421 508 4486 antur‚
523 4410 628 4473 anima
643 4410 674 4474 in
692 4412 894 4499 praescriptas
911 4413 978 4475 vias
1001 4415 1159 4499 sapienter
1179 4420 1354 4503 egreditur,
