3625 5317
413 816 483 862 cnr.
502 800 569 878 ιιι]
761 815 1004 861 unranoeroos.
1299 804 1359 864 127

411 966 464 1031 tiis
488 978 631 1031 asserunt
659 964 834 1050 praedicari,
861 975 895 1029 et
921 970 1115 1033 amiensem
1146 967 1360 1053 plenissimam

411 1068 524 1132 decern
551 1065 870 1153 praedicamentorum
896 1066 1095 1133 absolutione
1120 1069 1300 1154 perficiunt,
1323 1083 1360 1135 ot

410 1168 445 1232 in
467 1168 527 1233 hoc
549 1188 659 1233 eorum
681 1178 771 1253 patet
790 1167 958 1253 exemplo:
990 1172 1209 1253 Augustinus,
1225 1194 1362 1257 magnas

411 1281 529 1347 orator,
537 1274 641 1353 filius
661 1273 761 1346 illius,
776 1280 868 1335 stans
881 1274 917 1333 in
937 1274 1061 1354 templo,
1075 1274 1168 1336 bodie
1185 1274 1360 1355 infulatus,

411 1373 789 1457 disputandofata‘gotur.
829 1369 977 1435 Perfecta
986 1371 1073 1435 euim
1089 1374 1247 1438 sententia
1261 1384 1364 1454 est,et

410 1469 556 1553 subjecti,
566 1471 597 1535 id
610 1481 659 1535 est
668 1469 754 1534 illius
769 1471 810 1534 de
824 1493 890 1558 quo
900 1472 1016 1555 agitur,
1028 1474 1247 1551 substantiam,
1259 1473 1363 1561 qnali-

411 1582 522 1650 tatem,
549 1584 583 1636 et
611 1570 836 1658 quantitatem,
866 1594 940 1636 cum
970 1573 1104 1652 ceteris,
1129 1574 1267 1641 indicat:
1301 1580 1362 1643 etsi

411 1672 492 1738 sorte
511 1674 617 1739 minus
635 1676 797 1761 proprium
821 1673 947 1738 dederit
960 1676 1147 1759 quantitatis
1168 1677 1362 1764 exemplum.

414 1776 539 1863 Utique
564 1777 645 1843 sicut
670 1779 805 1864 primam
830 1776 1051 1855 substantiam,
1075 1779 1139 1843 suis
1160 1780 1363 1847 informatam

410 1880 640 1959 accidentibus,
661 1904 775 1968 parans
796 1881 941 1946 omnium
961 1893 1075 1947 natura
1097 1883 1233 1950 emerit:
1264 1885 1309 1949 sic
1330 1898 1364 1950 at

409 1984 582 2069 singularia
600 1985 788 2064 accidentia,
804 1985 922 2073 quibus
941 1986 1054 2051 eadem
1074 1985 1274 2067 informatur,
1288 1990 1364 2053 sub-

410 2088 534 2151 stantiis
549 2088 761 2173 singularibus
776 2088 965 2153 concreavit.
1004 2088 1053 2154 Es
1067 2111 1142 2153 vero
1155 2112 1231 2176 quoe
1244 2089 1360 2155 intelli-

410 2204 528 2275 guntur
543 2214 562 2255 a
583 2192 795 2277 singularibus
814 2192 984 2272 abstracta,
999 2192 1106 2279 qualia
1124 2204 1199 2258 sunt
1213 2196 1363 2259 secundae

413 2293 607 2370 substantiae,
624 2305 661 2358 ut
675 2295 795 2359 dictum
812 2306 870 2371 est,
884 2294 1033 2380 quaedam
1055 2317 1096 2359 ex
1110 2296 1233 2360 ratione
1248 2296 1363 2382 proba·

412 2394 479 2472 bili,
496 2395 594 2459 animi
613 2392 766 2481 figmenta
788 2408 871 2461 sunt.
919 2396 964 2460 Et
983 2395 1114 2483 quidem
1135 2396 1216 2462 siem
1231 2399 1264 2462 iu
1286 2399 1363 2463 sub·

412 2494 534 2560 stantiis
556 2501 603 2563 lua
621 2503 735 2582 primo
758 2496 918 2572 dicuntur,
941 2519 1015 2582 quse
1041 2519 1152 2562 revera
1176 2498 1363 2563 substantiae

411 2610 496 2677 sunt,
507 2611 540 2663 et
554 2599 771 2684 singularitate
785 2599 933 2664 essentias
947 2599 1165 2664 accidentibus
1180 2600 1361 2687 subjacent;

411 2698 476 2763 illae
491 2721 565 2766 rero
585 2702 745 2781 secundas,
759 2722 833 2788 quse
855 2723 896 2765 ex
911 2700 1133 2765 conformitate
1153 2701 1362 2786 singularium

412 2801 576 2868 intellectu
586 2826 649 2869 non
659 2824 746 2868 casso
755 2804 992 2887 concipiuntur:
1010 2802 1363 2887 sicetprimae,rstione

411 2904 632 2990 proportionis,
659 2916 789 2989 possunt
818 2904 881 2967 dici
907 2902 1101 2989 quantitates
1126 2915 1160 2966 et
1184 2903 1363 2989 qualitates,

411 3028 487 3092 quae
502 3006 612 3091 primis
631 3004 832 3089 singulariter
851 3004 981 3067 insunt:
1008 3015 1043 3067 et
1065 3001 1216 3067 secundae
1236 3005 1363 3090 quanti·

410 3120 505 3189 tates,
530 3127 565 3173 et
592 3108 636 3172 sic
665 3107 698 3172 in
728 3106 807 3184 aliis,
835 3128 909 3193 quas
935 3127 954 3170 a
984 3105 1195 3191 singularibus
1224 3106 1363 3193 quadam

410 3207 536 3275 ratione
558 3206 784 3284 similitudinis,
808 3206 1042 3273 abstrahuntur.
1088 3207 1222 3272 Consmt
1244 3218 1365 3284 autem,

413 3323 450 3376 ut
471 3310 517 3375 ait
538 3310 689 3390 Isidorus,
710 3307 884 3395 appellatas
911 3329 979 3373 essa
1005 3308 1190 3392 categorias,
1213 3330 1252 3373 eo
1277 3309 1364 3396 quod

413 3434 477 3477 nou
493 3423 623 3499 possum
637 3412 697 3477 nisi
712 3434 751 3477 ex
766 3411 917 3496 subjectis
938 3411 1075 3496 agnosci.
1122 3410 1220 3477 Unde
1234 3424 1269 3476 et
1282 3434 1365 3498 prra-

413 3516 594 3581 dicamenta
608 3526 694 3579 recte
709 3514 932 3582 nominantur:
959 3514 1098 3601 eoquod
1113 3514 1209 3580 rebus
1223 3536 1364 3600 proesen-

414 3616 509 3693 tibus,
524 3637 603 3703 quas
623 3614 805 3679 constitutio
824 3624 949 3679 naturas
963 3613 1112 3693 ostendit,
1126 3612 1241 3690 dicata,
1257 3613 1291 3677 id
1304 3626 1364 3689 est,

414 3716 541 3782 addicta
550 3727 640 3783 sunt.
687 3716 804 3781 Dicare
825 3716 996 3802 siquidem,
1012 3714 1161 3780 addicere
1180 3726 1247 3782 est:
1270 3716 1365 3802 juxta

414 3818 495 3884 illud
510 3817 646 3904 Virgilii,

520 3962 655 4016 Connubio
662 3963 772 4033 jungam
784 3959 872 4013 stabili
883 3960 1062 4031 propriamque
1074 3958 1174 4012 dicabo.

417 4087 469 4153 Sic
484 4100 592 4153 autem
605 4086 732 4151 addicta
747 4072 822 4150 sunt
836 4084 916 4162 aliis,
929 4096 964 4149 ut
980 4084 1107 4168 agnosci
1124 4085 1355 4172 nequeantsine

413 4188 484 4253 illis.
531 4188 616 4253 Nam
643 4199 679 4253 ut
704 4186 903 4273 praemissum
927 4196 986 4267 est,
1008 4184 1035 4249 si
1058 4185 1234 4270 phantasias
1258 4206 1364 4249 rerum

416 4291 580 4356 volvantur
595 4290 628 4355 iu
643 4302 761 4367 mente,
773 4290 878 4355 inanis
893 4299 943 4353 ast
952 4286 1128 4373 conceptio,
1140 4286 1166 4351 si
1181 4284 1365 4369 exemplum

415 4394 484 4477 ejus
507 4391 643 4459 inveniri
665 4413 728 4457 uon
749 4403 852 4478 potest
875 4390 908 4454 in
932 4412 966 4455 ra
987 4388 1141 4473 subjecta.
1198 4385 1364 4473 Siquidem
