3625 5317
457 767 519 828 att
717 777 1149 826 roasstrsaaunrms

458 935 578 1014 strigem
601 931 740 998 melioris
763 933 834 995 rita·
856 942 1083 994 revocarem
1101 941 1257 1004 erran,
1272 931 1310 992 ia
1330 951 1412 992 ru:

458 1033 580 1100 virtutis
594 1033 683 1098 cultu
699 1031 891 1116 proficerent
905 1045 939 1096 et
951 1030 1167 1094 subdurum
1181 1029 1412 1095 artum

459 1137 541 1202 Nm
595 1237 1259 1304 Qmmdmtntmmunnbitdm

597 1325 682 1380 rurs
693 1325 751 1388 diat

457 1435 491 1490 et
512 1421 764 1508 mercantibus
785 1433 894 1486 tenera
912 1433 992 1485 etas
1009 1421 1177 1494 imbuitur,
1195 1419 1364 1484 dificibu
1379 1431 1415 1483 et

458 1545 522 1592 non
538 1523 606 1590 tine
621 1523 758 1610 quadam
773 1522 964 1604 egritudim
976 1524 1167 1586 avelluntur.

503 1627 575 1691 llos
597 1625 666 1712 ejus
688 1645 856 1690 sucosam
877 1624 993 1708 paucis
1012 1623 1229 1708 expedimus
1246 1625 1413 1707 amplia

463 1725 673 1790 llororraldus
694 1725 742 1788 vir
761 1733 853 1788 etate
871 1723 1069 1807 decrepitus,
1085 1738 1176 1786 tanto
1193 1746 1326 1808 qnoque
1345 1727 1415 1787 ian·

460 1847 558 1910 gnere
572 1838 757 1912 prostratus,
771 1836 807 1890 ut
821 1825 922 1888 aelam
941 1821 1087 1904 linguam
1106 1825 1242 1888 baberet
1258 1827 1294 1888 in
1307 1837 1416 1907 potes·

461 1939 537 2008 tete,
551 1938 584 1994 et
598 1949 663 1993 non
684 1927 757 1992 cibo
777 1935 888 2011 posset
908 1926 957 1990 nti
972 1936 1029 1989 aut
1049 1937 1141 2010 potu,
1155 1928 1191 1988 in
1210 1926 1310 1990 domo
1326 1926 1416 1990 intr·

461 2051 583 2096 motum
604 2029 821 2094 imminentem
841 2041 877 2092 ut
897 2029 1071 2110 putabatur
1083 2037 1262 2111 expectans
1281 2029 1417 2104 exitura,

460 2153 500 2198 eo
514 2131 584 2216 ipro
600 2131 773 2206 convaluit,
788 2129 879 2216 quod
894 2128 1070 2194 Anaelnus
1083 2151 1158 2193 eum
1177 2130 1301 2212 potavit
1318 2151 1417 2192 manu

461 2253 519 2298 sua
533 2233 615 2312 rino,
631 2232 717 2316 quod
738 2232 779 2296 de
797 2231 935 2297 racemis
955 2231 989 2294 in
1010 2232 1181 2296 collectam
1198 2232 1342 2314 palmam
1357 2251 1416 2294 ex·

462 2345 627 2418 presserat.
672 2333 805 2398 Juvenia
827 2332 960 2416 quidam
986 2332 1162 2396 inconsulti
1187 2333 1320 2396 ferroris
1342 2353 1417 2414 pro·

462 2431 568 2520 posito
596 2453 631 2498 so
660 2433 866 2512 obligaverat,
891 2445 928 2496 ut
955 2435 1046 2498 nulla
1072 2455 1217 2517 unquam
1242 2434 1416 2498 occasione

462 2555 590 2600 manum
616 2533 763 2598 membris
788 2533 984 2614 genitalibus
1007 2534 1204 2598 admoveret
1249 2533 1316 2597 Sed
1339 2534 1418 2616 quia

462 2635 611 2720 lrequens
641 2645 691 2700 est
719 2647 755 2700 ut
782 2634 966 2700 inconsulta
994 2647 1067 2698 rota
1094 2635 1265 2718 temptatio
1292 2635 1418 2716 gravior

461 2747 690 2824 prosequatur3
718 2747 826 2802 tantus
848 2757 921 2802 eum
944 2737 978 2802 in
1000 2737 1147 2820 partibus
1167 2738 1234 2802 illis
1254 2736 1345 2799 dolor
1363 2737 1415 2798 in·

464 2835 554 2912 rasit,
577 2845 613 2900 ut
633 2836 734 2900 moles
756 2835 909 2918 plumbea
933 2834 1055 2899 ibidem
1081 2837 1223 2918 pendere
1248 2835 1415 2900 videretur.

461 2937 565 3010 Quem
589 2957 686 3022 quum
711 2937 911 3002 dissimulare
933 2958 1000 3000 non
1021 2949 1143 3021 posset,
1164 2939 1349 3002 admonitus
1372 2939 1415 3002 ab

464 3040 627 3117 anselmo,
654 3037 845 3104 atmodum
872 3038 1073 3118 agritudinis
1099 3061 1198 3104 manu
1223 3051 1319 3104 tenus
1344 3061 1417 3124 pro·

463 3143 561 3214 beret,
577 3139 671 3205 frater
687 3140 749 3204 voti
766 3140 939 3205 reverentia
958 3142 1129 3205 recusavit.
1174 3143 1290 3207 Sciens
1308 3143 1418 3224 itaque

464 3239 526 3304 Dei
555 3240 692 3304 samalus
721 3259 791 3304 esse
821 3241 930 3304 omnia
958 3241 1080 3306 munda
1109 3243 1250 3318 mundis,
1271 3243 1419 3307 adhibito

463 3359 571 3404 secum
594 3339 766 3421 grandaevo
789 3340 884 3404 fratre
906 3341 1072 3406 inlocum
1098 3345 1304 3407 secretiorem
1328 3343 1421 3408 ducit

458 3439 621 3527 juvenem.
667 3441 751 3506 Caro
780 3441 948 3506 sanissima
975 3445 1148 3528 reperitur3
1180 3457 1281 3509 etex
1311 3464 1422 3528 quoa

462 3553 573 3608 sancto
596 3541 663 3608 viro
686 3541 755 3606 visa
776 3549 836 3619 est,
858 3541 949 3606 dolor
971 3546 1075 3612 omnis
1098 3546 1264 3623 abscessit,
1284 3565 1347 3610 uec
1364 3544 1419 3629 ju·

462 3665 575 3710 renem
591 3644 722 3710 ulterius
737 3643 894 3728 fatigarit.

505 3745 668 3810 Osbarnus
705 3745 835 3830 quidam
871 3747 1070 3832 professione
1106 3749 1296 3827 monachus,
1324 3758 1417 3814 cente

461 3845 730 3924 adolescentulus,
752 3847 884 3932 ingenio
904 3849 1090 3932 perspicax,
1110 3851 1261 3915 manibus
1281 3848 1324 3914 ad
1344 3848 1418 3915 arti·

463 3949 538 4016 licie
552 3949 687 4035 pollens,
698 3949 780 4016 adeo
793 3950 952 4034 perversis
965 3951 1110 4017 moribus
1125 3965 1204 4031 erat,
1212 3962 1249 4016 ut
1260 3951 1302 4016 de
1316 3952 1420 4017 salute

463 4051 534 4138 ejus
549 4052 651 4136 possit
667 4049 777 4114 merito
793 4049 968 4136 desperari.
1012 4052 1199 4118 Exercebat
1213 4053 1268 4116 hic
1291 4053 1420 4117 dentem

463 4153 626 4232 caninum,
650 4163 683 4218 et
711 4149 788 4216 odio
817 4151 994 4218 insatiabili
1022 4156 1278 4239 prosequebatur
1308 4153 1419 4218 Anaei-

462 4275 561 4320 ιιιιιιιι.
616 4256 660 4320 At
688 4253 741 4318 ille
771 4254 972 4338 compatiens
1001 4256 1111 4331 errori,
1140 4265 1253 4320 sancta
1280 4254 1417 4339 quadam

463 4357 634 4422 calliditale
657 4355 812 4438 puerilem
835 4355 974 4420 animum
998 4358 1103 4442 cepit3
1132 4369 1165 4422 et
1186 4377 1274 4422 nunc
1297 4355 1421 4420 leniens
