3625 5317
418 814 490 860 cnr.
506 796 554 871 a]
777 807 1021 859 uuraaocrcus.
1327 800 1369 859 69

418 964 558 1049 gentiam
581 962 642 1041 sui,
667 984 727 1026 non
750 961 871 1048 indiget
894 964 1083 1049 adjectione,
1106 976 1142 1029 ut
1165 966 1276 1029 Deus:
1306 962 1369 1028 uisi

418 1065 502 1131 sorte
530 1087 625 1129 causa
661 1064 893 1149 significantiae,
923 1076 962 1129 ut
996 1086 1097 1151 quum
1131 1064 1251 1131 dicitur
1280 1067 1370 1129 Deus

418 1166 628 1253 omnipotens,
642 1165 684 1230 ad
700 1163 916 1229 differentiam
930 1162 1101 1243 idolorum,
1117 1189 1192 1253 qua
1206 1165 1296 1241 nibil,
1311 1180 1369 1231 aut

418 1267 660 1345 daemoniorum,
672 1288 746 1353 quae
758 1266 925 1331 minimum
938 1280 1082 1353 possunt.
1110 1268 1162 1332 Sic
1173 1267 1256 1332 ratio
1265 1290 1370 1333 neces·

420 1366 511 1447 saria,
526 1380 581 1433 aut
599 1388 685 1443 vera,
695 1365 735 1430 ad
751 1364 964 1430 differentiam
979 1367 1061 1452 ejus,
1072 1389 1148 1452 quae
1161 1389 1237 1431 casu
1253 1378 1370 1452 potest,

418 1469 469 1533 vel
485 1468 651 1535 mendacio
667 1466 770 1534 vitari.
809 1468 870 1532 Est
884 1481 992 1531 autem
1009 1467 1072 1545 hic,
1085 1480 1121 1532 ut
1137 1471 1263 1554 opinor,
1277 1469 1372 1549 ratio,

419 1570 577 1657 quicquid
589 1570 772 1643 adducitur,
786 1567 834 1631 rel
851 1567 967 1632 adduci
983 1582 1102 1655 potest,
1112 1570 1154 1635 ad
1168 1571 1371 1636 statuendam

419 1668 612 1755 opinionem,
628 1667 678 1731 vel
694 1668 883 1731 sententiam
899 1667 1120 1735 roborandam.
1154 1670 1272 1755 Opinio
1288 1674 1372 1736 enim

420 1768 613 1855 plerumque
627 1766 768 1841 labitur;
795 1780 829 1830 at
845 1766 1001 1830 sententia
1021 1789 1145 1855 semper
1159 1769 1275 1836 assidet
1294 1772 1375 1835 veri·

421 1869 492 1935 tati.
539 1870 592 1934 Ita
607 1867 748 1956 quidem,
763 1867 790 1931 si
805 1880 890 1933 recte
905 1870 1104 1936 sermonibus
1120 1872 1260 1937 utimur:
1283 1895 1376 1937 usur-

420 1982 519 2057 patur
533 1982 639 2035 tamen
655 1968 791 2033 alterum
812 1990 872 2055 pro
886 1968 998 2034 altero.
1042 1972 1133 2057 Ergo
1146 1985 1179 2037 et
1195 1972 1376 2059 sophistica

421 2073 467 2135 sic
482 2070 645 2136 rationalis
660 2084 726 2135 cst:
755 2083 787 2134 et
802 2069 950 2155 quamvis
972 2069 1075 2149 fallat,
1091 2071 1151 2137 sibi
1170 2071 1253 2137 inter
1269 2086 1375 2160 partes

422 2171 633 2260 philosophiae
661 2172 769 2237 locum
799 2171 956 2237 vendicat.
1010 2173 1091 2238 Suas
1119 2173 1203 2239 euim
1236 2174 1376 2240 rationes

423 2274 559 2353 inducit,
581 2287 615 2340 et
640 2298 725 2343 nunc
751 2298 784 2341 se
809 2275 1094 2342 demonstrativam
1122 2276 1263 2356 simulat,
1289 2300 1375 2343 nuuc

424 2376 631 2441 Dialecticam
644 2374 815 2441 mentitur:
840 2397 899 2439 nec
914 2375 1048 2461 seipsam
1064 2379 1235 2464 profitetur
1244 2379 1374 2455 alicubi,

424 2477 478 2542 sed
495 2477 616 2564 ubique
630 2478 775 2543 habitum
792 2477 898 2543 induit
914 2478 1063 2547 alienum.
1107 2484 1273 2568 Apparens
1287 2505 1375 2547 nam-

424 2602 488 2666 que
503 2580 656 2667 sapientia
670 2594 730 2658 est,
740 2592 771 2645 et
787 2578 910 2645 inducit
926 2580 967 2645 ad
979 2582 1179 2648 statuendam
1195 2583 1375 2671 opinionem

424 2682 626 2769 plerumque,
641 2707 704 2748 non
720 2682 809 2771 quod
824 2706 937 2747 verum
953 2696 1008 2749 aut
1024 2684 1204 2763 verisimile,
1216 2685 1271 2749 sed
1286 2686 1376 2773 quod

425 2783 613 2849 alterutrum
635 2785 792 2850 videatur.
838 2784 1006 2848 Interdum
1027 2799 1134 2849 autem
1150 2786 1255 2850 utitur
1276 2800 1308 2850 et
1323 2788 1377 2853 iis:

425 2886 605 2951 cavillatrix
631 2886 714 2951 enim
741 2898 800 2961 est,
826 2898 858 2949 et
883 2906 969 2971 saepe
995 2908 1015 2948 a
1039 2885 1121 2949 reris
1146 2899 1178 2949 et
1204 2886 1378 2952 manifestis

425 3012 482 3075 per
499 2988 637 3052 minutas
657 2986 932 3071 interrogationes,
947 2984 1065 3049 aliasve
1084 2984 1152 3051 doli
1168 2985 1218 3050 sui
1237 2985 1377 3069 insidias,

426 3090 468 3155 ad
485 3087 587 3152 dubia
601 3104 632 3151 et
648 3088 725 3152 falsa
741 3086 958 3175 progreditur.
1006 3086 1232 3175 Transfigurat
1247 3091 1328 3154 enim
1344 3116 1378 3157 se

425 3192 458 3256 in
483 3189 656 3255 ministram
680 3190 770 3271 lucis,
785 3202 816 3255 et
839 3188 984 3275 Neptuni
1004 3214 1091 3257 more
1113 3215 1209 3279 quem
1230 3194 1264 3257 iu
1286 3194 1378 3260 deria

425 3291 570 3371 abducit,
594 3304 651 3357 aut
677 3288 826 3379 periculis
851 3295 996 3378 exponit,
1022 3306 1079 3358 aut
1101 3294 1190 3359 risui.
1236 3294 1379 3362 Philoso-

423 3394 508 3481 phus
523 3404 641 3473 autem,
655 3391 903 3459 demonstrativa
919 3407 1021 3470 utens,
1038 3395 1223 3480 negotiatur
1237 3395 1278 3460 ad
1294 3398 1376 3462 veri·

425 3510 544 3571 tatem,
569 3496 764 3561 Dialecticus
789 3496 830 3560 ad
857 3495 1050 3580 opinionem:
1082 3496 1238 3583 siquidem
1266 3499 1380 3583 proba·

426 3597 551 3663 bilitate
565 3609 735 3663 contentus
749 3608 807 3663 est.
853 3596 1013 3684 Sophistae
1027 3610 1134 3662 autem
1150 3596 1277 3673 sufficit,
1289 3599 1315 3663 si
1330 3599 1380 3664 vel

426 3702 575 3766 uideatur
596 3722 663 3764 esse
689 3696 864 3785 probabile.
910 3697 1007 3762 Unde
1031 3720 1094 3763 non
1117 3699 1210 3763 facile
1233 3699 1380 3782 dixerim,

426 3826 497 3869 eam
511 3824 580 3867 esse
599 3800 743 3866 inutilem
760 3799 854 3875 scitu,
870 3821 946 3884 quaa
960 3821 1022 3863 non
1045 3799 1243 3865 mediocriter
1256 3818 1382 3869 exercet

428 3904 565 3991 ingenia,
575 3913 608 3967 et
622 3903 740 3989 ignaris
751 3923 858 3965 rerum
874 3899 1031 3965 efficacius
1045 3914 1149 3983 nocet,
1164 3902 1190 3967 si
1205 3903 1246 3968 sit
1260 3904 1381 3991 ignota.

429 4005 533 4072 Dolus
556 4006 651 4081 enim,
672 4003 778 4069 scienti
803 4024 866 4067 non
894 4003 1045 4068 infertur:
1077 4002 1204 4090 sibique
1230 4003 1379 4093 imputet,

429 4107 485 4195 qui
511 4128 619 4171 casum
649 4105 808 4169 declinare
835 4103 950 4183 noluit,
981 4126 1077 4189 quem
1110 4106 1271 4190 praeridit.
1317 4108 1380 4184 Qui

427 4220 536 4273 autem
559 4205 853 4276 demonstrativam,
876 4216 910 4267 et
932 4203 1142 4288 probabilem,
1164 4227 1226 4269 uon
1247 4205 1383 4290 amplec-

429 4311 518 4391 titur,
544 4310 656 4395 utique
683 4330 744 4372 non
768 4306 875 4391 diligit
900 4309 1080 4370 veritatem:
1112 4306 1166 4369 sed
1190 4327 1246 4369 nec
1270 4307 1383 4390 proba·

428 4411 540 4479 billum
562 4411 680 4498 quaerit
703 4409 819 4473 babere
842 4407 998 4473 notitiam.
1043 4408 1146 4471 Plane
1163 4428 1218 4471 nec
1237 4409 1383 4476 virtutem
