3625 5317
494 683 558 744 Μ
749 697 885 742 soassts
900 695 1178 742 sannsnstuuusrs

497 847 606 912 omnia
620 869 692 931 quae
706 848 845 911 habebat
867 869 886 912 a
906 849 1084 912 iatrouibus
1104 849 1200 933 diripi
1222 848 1445 914 miserabiliter

498 947 704 1030 deplorantis
739 948 838 1010 Miles
853 957 960 1012 umen
975 949 1009 1011 in
1023 950 1165 1012 oratione
1179 949 1331 1032 persistit,
1340 950 1441 1032 pluris

497 1051 620 1113 habeus
648 1049 826 1113 devotionis
854 1071 952 1134 quam
980 1050 1191 1132 possessionis
1226 1050 1441 1133 dispendium.

497 1151 612 1214 Hostis
634 1171 708 1214 vero
733 1149 839 1213 dovoti
863 1149 975 1214 militis
995 1151 1206 1214 constantiam
1231 1150 1355 1229 dolens,
1376 1151 1443 1214 ursi

495 1251 637 1334 speciem
652 1249 776 1326 induit;
798 1262 830 1313 ct
844 1261 919 1314 aute
933 1272 1006 1313 eum
1020 1270 1040 1311 a
1054 1261 1139 1314 tecto
1150 1271 1300 1314 cormens
1312 1252 1442 1314 horrore

495 1373 589 1418 cesus
614 1367 647 1415 et
670 1352 778 1414 tormae
804 1351 954 1414 terribilis
979 1361 1122 1416 orantem
1148 1352 1254 1415 voluit
1274 1352 1441 1435 impedire.

493 1456 538 1518 At
548 1454 602 1518 iile
614 1473 830 1536 perseverans,
842 1463 1016 1514 monstrum
1027 1472 1157 1514 securus
1168 1452 1284 1515 irridet.
1321 1453 1439 1536 Egres-

494 1575 550 1617 sus
565 1553 692 1616 tsudem
712 1554 752 1615 ab
775 1549 913 1614 ecclesia
932 1550 1016 1612 iuter
1035 1549 1177 1612 eundum
1191 1550 1314 1614 audivit
1327 1571 1442 1614 vocem

494 1655 579 1718 clare
608 1654 767 1718 dicentem
797 1650 877 1715 sibi:
915 1652 935 1682 ‘⁴
947 1650 1082 1728 Cadule,
1107 1671 1170 1734 quo
1199 1650 1327 1716 tendis?
1366 1653 1440 1724 Quo

493 1757 609 1832 tendis,
624 1753 768 1820 Cadule?
799 1753 867 1818 Cur
886 1751 927 1815 ad
945 1752 1088 1814 Priorem
1107 1753 1306 1836 hypocritam
1322 1752 1435 1817 radis?

493 1855 639 1920 Nudabit
653 1868 683 1921 te
698 1857 793 1919 bonis
808 1875 895 1917 more
909 1873 979 1929 suo,
993 1865 1026 1914 et
1044 1853 1258 1935 precipitabit
1271 1863 1303 1915 tc
1318 1854 1352 1915 iu
1368 1854 1437 1916 son-

490 1967 555 2018 tem
571 1958 693 2020 erroris.
738 1956 859 2038 Utique
875 1964 951 2017 tuuc
966 1953 1148 2036 poeuitcbis.
1186 1951 1353 2036 Siquidem
1368 1954 1438 2037 opi·

492 2057 547 2120 uio
562 2057 632 2142 ejus
647 2055 918 2120 econversatioue
933 2053 1102 2137 plurimum
1118 2053 1241 2116 distat.”
1278 2054 1338 2117 Ille
1352 2075 1437 2134 vero,

491 2177 602 2220 vocem
626 2157 774 2233 audiens,
795 2155 957 2218 neminem
979 2152 1101 2229 videus,
1121 2152 1213 2232 signo
1237 2155 1344 2218 crucis
1366 2177 1435 2219 ora·

490 2255 696 2338 tionibusque
721 2255 861 2318 munitus
883 2251 1089 2337 pervenitad
1111 2253 1316 2331 Anselmum3
1345 2267 1438 2320 etex

490 2355 626 2418 consilio
641 2355 710 2438 ejus
725 2354 917 2417 monachum
932 2353 1037 2416 induit
1050 2353 1136 2436 apud
1149 2354 1259 2438 Majus
1272 2356 1440 2420 Monate·-

490 2455 570 2518 rium
585 2455 619 2518 in
640 2476 726 2538 pago
748 2455 939 2518 Turonensi.
984 2455 1205 2519 Consueverat
1225 2477 1436 2541 unumquem-

490 2577 552 2640 que
567 2558 600 2620 in
616 2558 705 2620 illum
719 2558 826 2619 locum
840 2555 979 2632 mittere,
993 2577 1087 2640 quem
1101 2555 1277 2638 inspirante
1294 2558 1435 2622 Domino

489 2659 663 2741 preelegit
708 2659 791 2720 Nam
806 2657 995 2739 plerumque
1010 2654 1052 2717 ad
1067 2655 1131 2719 alia
1147 2669 1347 2722 transeuntes
1365 2681 1436 2742 pue-

489 2760 626 2824 niteutia
641 2760 818 2824 comitetur.

533 3013 613 3097 Cap.
626 3019 656 3076 6.
680 3010 994 3076 Hertewinusabtcs
1004 3007 1102 3074 Beccr'
1112 3011 1242 3075 decedit.
1265 3015 1436 3079 Aneelmur

486 3113 626 3173 succedit
635 3114 698 3192 ipsi
710 3111 747 3172 in
761 3113 899 3175 abbatem
915 3109 1077 3172 Bcccenst's
1086 3109 1226 3172 cenobii.
1265 3113 1436 3176 Dubitutio

488 3209 673 3278 luntinnci
698 3213 926 3293 archiepiscopi
955 3210 994 3271 de
1021 3217 1132 3273 sancto
1160 3210 1307 3293 Elpiego
1334 3217 1363 3276 εἰ
1391 3221 1436 3278 rit

484 3317 609 3390 martyr
632 3313 683 3373 vet
706 3331 783 3374 non.
828 3311 1045 3393 Interrogutio
1064 3313 1161 3396 suctu
1183 3314 1228 3375 cd
1249 3314 1433 3378 Anaclmum

485 3411 624 3475 abbatem
640 3409 745 3475 Becci.
790 3413 967 3496 Responsio
980 3413 1125 3477 Ansetmi
1138 3416 1184 3477 nd
1199 3417 1433 3498 interrogatum

486 3511 670 3598 Lansruuci
684 3517 724 3578 de
738 3515 798 3578 duc
812 3536 921 3579 censa,

526 3681 656 3742 aaran
683 3703 756 3743 vero
782 3680 975 3765 Herlewyoo
1000 3682 1169 3746 decedenti
1194 3683 1341 3746 succedit
1364 3686 1431 3747 Au·

483 3779 612 3856 sciurus,
635 3780 755 3844 invitus
782 3781 914 3865 quidem
940 3794 973 3852 et
997 3782 1150 3862 renitens,
1173 3782 1230 3845 sed
1254 3795 1387 3847 coactus
1413 3805 1434 3847 a

481 3881 639 3959 fratribus,
668 3894 701 3945 et
729 3883 871 3946 maxime
909 3894 1041 3965 urgente
1070 3882 1223 3946 mandato
1260 3904 1325 3967 quo
1357 3906 1429 3948 enm

482 3979 1350 4068 Maur-iliusRotomagensisarchiepiscopusvinxcrat.
1383 3989 1430 4051 Ut

478 4095 583 4147 autem
608 4083 753 4158 orationi,
770 4074 899 4146 lectioni
924 4096 957 4146 et
980 4085 1087 4147 officio
1110 4085 1198 4148 verbi
1219 4085 1353 4148 liberius
1375 4107 1428 4150 va·

478 4198 582 4259 caret;
611 4204 724 4246 causas
746 4191 778 4244 et
801 4182 957 4248 forinseca
979 4185 1129 4249 fratribus
1149 4184 1191 4249 ad
1213 4186 1278 4249 hoc
1302 4185 1430 4250 idoneis

477 4284 645 4364 delegavit.
700 4282 870 4364 Praecepit,
897 4294 932 4346 ut
961 4305 1086 4368 semper
1113 4287 1336 4369 praeeiigcrent
1360 4289 1427 4370 pati
