3625 5317
475 792 540 851 968
733 806 867 851 souuurs
882 804 1160 850 sustentarentur

736 958 789 1021 De
803 959 880 1021 uitio
892 956 1153 1039 ingratitudinis.

472 1059 592 1140 Ingrati
608 1060 737 1135 crimen,
753 1060 803 1122 cui
819 1058 919 1140 gratia
934 1059 1023 1121 nulla
1036 1058 1185 1134 cohaeret,
1354 1063 1417 1122 905

558 1162 722 1241 Ingratum
738 1160 887 1244 prohibet
901 1160 981 1223 civis
995 1160 1113 1224 habere
1126 1161 1248 1223 locum.

803 1260 855 1324 Dc
868 1280 956 1322 anuo
966 1260 1081 1343 glorio.
1091 1264 1114 1297 e

468 1361 529 1425 Est
544 1363 668 1444 ingrata
682 1363 767 1440 Deo,
782 1384 852 1447 quae
868 1361 946 1425 doni
960 1373 1069 1445 captat
1083 1362 1233 1439 honores,

555 1464 636 1537 Quae
651 1464 763 1528 laudes
777 1465 885 1548 operia
901 1465 969 1527 vult
983 1463 1119 1526 retinere
1134 1464 1225 1526 boni.

468 1564 613 1649 Praeripit
627 1566 749 1630 auctori
765 1567 912 1650 quisquis
927 1566 1036 1630 titulos
1051 1566 1243 1641 meritorum,

551 1666 709 1730 Provocat
724 1667 852 1730 ultrices
868 1668 899 1730 in
916 1688 975 1730 sua
988 1666 1106 1729 damna
1120 1688 1244 1730 manna.
1352 1671 1415 1730 910

467 1768 581 1832 Gloria
595 1788 677 1831 vana
692 1767 770 1853 quid
785 1778 844 1847 est,
858 1770 922 1831 nisi
937 1769 1043 1830 famus
1057 1778 1091 1830 at
1104 1769 1217 1833 umbra
1231 1789 1406 1851 sonusque,

552 1870 615 1942 Qui
632 1869 738 1947 simul,
752 1880 788 1933 ut
801 1870 912 1952 coepit,
926 1869 1042 1955 incipit
1056 1890 1127 1933 esse
1141 1866 1245 1932 nihil?

468 1972 564 2035 Hanc
582 1982 686 2035 tamen
703 1973 852 2035 affectant
866 1992 990 2046 omnes,
1005 1972 1081 2055 quia
1096 1992 1222 2050 semper
1235 1970 1348 2034 adesse

551 2074 644 2137 Vcroe
661 2074 784 2137 virtutis
801 2073 993 2137 testificatur
1007 2094 1099 2155 opus.

466 2172 587 2251 Gloria,
605 2172 699 2239 dulce
713 2176 844 2253 malum,
861 2195 1048 2256 magnorum
1062 2185 1195 2257 pectora
1209 2174 1331 2237 mulcet
1347 2178 1412 2238 915

551 2276 597 2337 Et
611 2288 715 2338 umen
733 2275 803 2339 haec
819 2276 931 2341 eadem
945 2276 1147 2359 languidiora
1162 2276 1248 2339 facit.
1313 2322 1323 2329 -

464 2375 554 2446 Quos
569 2396 644 2439 caro
658 2397 723 2439 non
739 2378 849 2456 flectit,
863 2400 924 2443 nec
941 2399 1031 2443 amor
1043 2379 1193 2462 pervertit
1207 2377 1360 2457 habendi,

550 2476 663 2539 Gloria
678 2475 718 2539 de
734 2477 820 2540 sacili
835 2478 1037 2561 praecipitare
1052 2478 1143 2540 solet

649 2577 734 2650 Quae
748 2579 930 2659 reprimant
947 2598 1065 2640 onnam
1075 2579 1222 2657 gloriam.

464 2675 559 2743 Hanc
575 2677 704 2742 undem
720 2680 882 2763 perimunt
897 2699 1000 2742 rarum
1016 2679 1204 2761 speculatio,
1219 2678 1331 2742 mundi

547 2780 768 2864 contemptur,
784 2802 890 2864 poenae
904 2790 1016 2857 terror,
1029 2799 1182 2862 amorque
1198 2780 1276 2869 Det
1342 2788 1406 2845 920

461 2880 495 2944 si
511 2901 570 2943 sua
584 2881 657 2964 quis
671 2882 767 2962 plene
781 2880 894 2943 recolit
909 2879 1004 2955 mala,
1019 2879 1046 2941 si
1060 2879 1148 2942 bona
1160 2899 1287 2962 semper

547 2981 675 3063 Cogitat
692 2981 834 3051 alterius.
851 2980 936 3044 unda
951 2982 1109 3063 superbus
1123 2978 1205 3043 erit?

460 3082 495 3145 Si
510 3083 655 3147 meritum
672 3082 745 3147 vitoe
760 3092 885 3167 penset,
901 3083 930 3145 si
945 3081 1083 3145 vindicis
1097 3083 1176 3146 iram

546 3184 708 3268 Passaque
725 3185 884 3268 respiciat,
901 3182 988 3247 unda
1002 3186 1159 3267 superbus
1174 3184 1254 3247 erit?

460 3284 558 3348 Unde
575 3286 732 3366 superbus
747 3286 817 3361 erit,
830 3287 857 3349 ai
869 3308 907 3349 se
923 3286 1106 3368 speculatur
1120 3286 1162 3349 ad
1177 3300 1327 3368 unguem,
1342 3289 1406 3351 925

544 3385 651 3463 'I'arra,
666 3385 758 3464 cinis,
773 3388 898 3464 vermis,
914 3389 988 3465 saex,
1003 3408 1111 3471 vapor,
1127 3388 1248 3467 umbra,
1271 3388 1395 3452 lutum?

773 3488 826 3553 De
839 3490 917 3552 cilio
930 3491 1090 3552 elationis.

458 3593 489 3654 N
492 3612 535 3655 on
548 3593 646 3656 habet
661 3592 763 3657 elatus
779 3593 928 3656 virtutum
943 3590 1038 3668 dona,
1053 3590 1113 3655 sed
1127 3592 1172 3654 illi

543 3694 588 3756 Et
602 3693 693 3756 Deus
708 3705 757 3758 est
771 3694 883 3766 hostia,
899 3692 1000 3755 hostis
1014 3701 1049 3754 et
1063 3693 1166 3754 omnia
1178 3692 1288 3756 homo·

456 3795 545 3857 Elati
561 3793 682 3869 vitium,
697 3816 762 3877 quo
777 3796 900 3859 nullum
916 3795 1019 3877 majus
1034 3795 1180 3872 habetur,

543 3892 617 3955 Non
634 3894 711 3957 sinit
725 3898 842 3959 elatum
858 3897 964 3960 fratris
978 3917 1085 3959 amore
1101 3896 1171 3959 frui.
1340 3903 1404 3961 930

726 4000 778 4061 De
791 3999 912 4061 cirtulo
924 3998 1129 4062 humilitatis.

455 4100 556 4181 Digni
570 4109 647 4163 sunt
659 4099 797 4163 humiles
812 4100 962 4162 virtutum
978 4120 1120 4178 munere,
1135 4100 1227 4182 digni

541 4201 630 4265 Scire
645 4200 763 4277 Deum,
779 4199 885 4282 dignis
900 4201 964 4263 vita
978 4203 1074 4265 beata
1088 4199 1189 4265 datur.

455 4297 520 4371 Qui
537 4302 633 4367 docet
647 4304 715 4366 haec
731 4302 847 4381 verbis,
861 4303 1034 4385 praetendit
1048 4304 1308 4387 philosophantis
