3625 5317
386 812 462 859 aar.
478 793 596 875 xxxa]
745 812 990 858 ueranoorcns.
1282 797 1341 857 let

383 986 511 1029 rumex
527 964 711 1030 neeessitate
725 986 788 1029 non
804 986 879 1029 esse.
926 962 1040 1027 Nonne
1061 982 1109 1027 rea
1129 960 1278 1043 existens,
1291 962 1336 1027 rei

383 1088 448 1130 non
464 1065 628 1133 existentia
643 1078 690 1132 est
702 1064 838 1152 signnm,
850 1077 887 1131 ut
902 1066 1002 1130 rubor
1015 1064 1135 1130 lutura²
1146 1063 1335 1143 serenitatis,

384 1180 442 1234 aut
457 1169 679 1256 tempestatis?
711 1166 876 1255 Siquidem

505 1276 587 1331 Mme
597 1277 693 1331 rubens
704 1274 807 1341 solnm,
819 1281 893 1333 notat
903 1276 1009 1342 imbres,
1020 1292 1078 1331 saro
1088 1291 1217 1331 sermm

380 1520 462 1607 Cap.
478 1526 529 1587 35.
555 1522 644 1595 Quid
657 1518 786 1585 dicatur
799 1540 921 1597 amm,
936 1527 968 1584 et
981 1521 1057 1603 qaid
1069 1520 1197 1600 veritas,
1207 1526 1239 1585 et
1251 1520 1333 1604 quid

711 1623 775 1703 ejas
789 1624 1000 1687 eontrarium.

423 1780 539 1846 Ornata
554 1801 630 1846 vero
644 1803 737 1865 vana,
747 1792 907 1867 quatenus
921 1802 1004 1845 vana
1018 1790 1104 1857 sunt,
1119 1779 1246 1844 fallunt.
1285 1778 1330 1845 Et

376 1901 479 1966 quum
495 1881 635 1947 falsitate
655 1882 806 1973 deceptas
823 1893 947 1947 mentes
967 1880 1135 1968 illuserint,
1152 1879 1241 1946 velut
1260 1882 1331 1946 ian·

375 1994 478 2048 tasma
502 1996 703 2051 evanescunt.
750 1982 856 2061 Unde,
883 1985 926 2049 ob
955 1984 1037 2049 hanc
1065 2006 1173 2050 rerum
1198 2004 1328 2049 evanes-

372 2085 515 2173 centium
527 2085 762 2173 disparentiam,
774 2086 879 2152 omnia
894 2110 968 2173 quae
983 2086 1044 2151 sub
1060 2084 1134 2151 Sole
1147 2098 1232 2163 sunt,
1245 2108 1328 2152 vana

373 2208 454 2269 esse,
467 2188 501 2252 in
516 2187 664 2253 concione
679 2188 911 2268 universorum,
924 2188 982 2274 qui
999 2200 1165 2253 versantur
1179 2188 1213 2253 in
1232 2209 1327 2252 mun·

373 2288 428 2367 do,
444 2290 617 2375 proclamat
636 2290 861 2357 Ecclesiastes:
893 2302 985 2355 tanta
1006 2288 1138 2377 quidem
1159 2290 1325 2376 majestate

371 2391 473 2473 verbi,
503 2403 591 2458 tanta
619 2392 845 2480 probabilitate
874 2391 1049 2468 sententiae,
1079 2400 1117 2455 ut
1144 2390 1187 2456 ad
1215 2414 1324 2456 omnes

371 2493 515 2559 nationes
536 2505 569 2559 et
591 2493 714 2579 linguas
730 2516 794 2559 vox
817 2493 871 2559 illa
891 2504 1100 2581 pertranseat,
1115 2506 1147 2559 et
1168 2492 1324 2575 omnium,

371 2598 428 2681 qui
453 2618 546 2660 aures
569 2596 722 2661 audiendi
747 2596 877 2673 habent,
903 2593 1001 2660 eorda
1029 2595 1226 2682 penetrando
1250 2617 1324 2660 oon·

370 2697 482 2763 eutiat.
526 2696 620 2765 Plato
649 2720 790 2785 quoque,
818 2719 943 2777 eorum,
970 2720 1045 2784 quse
1070 2718 1146 2760 vere
1176 2711 1261 2775 sunt,
1291 2709 1326 2764 et

369 2820 480 2863 eorum
500 2820 575 2885 quae
590 2820 653 2863 non
675 2812 763 2874 aunt,
778 2796 833 2862 sed
855 2820 923 2862 esse
937 2796 1096 2873 ridentur,
1112 2796 1324 2863 differentiam

369 2900 497 2978 doeens,
511 2898 726 2986 intelligibilia
740 2920 814 2963 vere
830 2920 898 2963 ease
920 2894 1071 2963 asseruit:
1103 2918 1175 2985 quae
1196 2920 1255 2961 nee
1275 2901 1324 2963 in·

369 3000 552 3065 cursionum
575 2998 795 3087 passionumve
810 2997 989 3063 molestiam
1004 3010 1165 3076 metuunt,
1181 3019 1244 3063 non
1266 3020 1323 3085 po-

367 3103 492 3169 testatis
502 3100 665 3186 injuriam,
675 3123 732 3165 nee
742 3098 945 3186 dispendium
955 3098 1321 3188 temporiasedaemper

366 3204 476 3291 vigore
491 3198 682 3268 conditionis
700 3222 767 3266 suae
787 3200 897 3265 eadem
918 3213 1130 3288 perseverant.
1175 3201 1273 3267 Unde
1287 3215 1320 3269 et

366 3303 425 3382 eis,
440 3310 516 3390 post
537 3300 704 3366 essentiam
726 3300 872 3388 primam,
888 3314 974 3367 reete
994 3301 1148 3389 competit
1167 3322 1254 3368 esse:
1284 3302 1321 3368 id

364 3416 425 3484 est,
441 3406 553 3470 firmus
568 3414 738 3491 certusque
753 3414 867 3484 status,
880 3425 976 3489 quem
988 3406 1135 3480 verbum,
1150 3404 1177 3469 si
1191 3404 1318 3493 proprie

365 3508 507 3592 ponitur,
522 3504 672 3593 exprimit
692 3504 948 3573 substantivum:
979 3506 1166 3593 temporalia
1179 3530 1255 3572 vero
1270 3510 1318 3573 vi-

363 3607 482 3673 dentur
501 3607 633 3693 quidem
648 3630 726 3685 esse,
742 3628 780 3672 eo
802 3605 892 3695 quod
907 3606 1155 3694 intelligibilium
1178 3622 1316 3695 praeten-

362 3706 446 3774 dunt
467 3708 648 3794 imaginem.
693 3707 756 3774 Sed
779 3706 992 3794 appellatione
1012 3707 1103 3773 verbi
1125 3708 1316 3776 substantivi

362 3831 425 3874 non
442 3809 518 3874 satis
531 3807 629 3895 digna
643 3818 727 3891 sunt,
742 3832 814 3895 quae
835 3830 910 3873 curn
925 3820 1068 3896 tempore
1083 3821 1259 3891 transeunt,
1275 3824 1314 3879 ut

361 3932 526 3996 nunquam
541 3911 574 3975 in
589 3909 701 3975 eodem
717 3921 802 3977 statu
818 3922 1034 3995 permaneant,
1050 3910 1115 3989 aed,
1132 3924 1170 3978 ut
1191 3914 1312 3993 fumus,

361 4019 566 4077 evaneseant:
604 4010 735 4096 lugiunt
759 4009 855 4091 enim,
878 4022 914 4075 ut
936 4008 1020 4075 idem
1045 4011 1091 4077 ait
1115 4015 1149 4079 in
1175 4014 1313 4094 Timaeo,

359 4134 418 4177 neo
442 4123 628 4198 exspectant
652 4110 907 4199 appellationem.
952 4112 1048 4177 Hane
1072 4125 1180 4180 autem
1202 4136 1310 4180 veram

359 4212 559 4279 existentiam
573 4210 775 4303 partiebatur
794 4214 827 4279 in
841 4213 915 4293 tria,
930 4235 1004 4301 quae
1025 4236 1132 4281 rerum
1154 4214 1311 4302 principia

358 4314 540 4389 statuebat;
571 4318 681 4380 Deum
706 4311 835 4391 seilicet,
858 4314 1034 4391 materiam,
1056 4326 1090 4380 et
1114 4314 1236 4381 ideam:
1267 4315 1309 4379 si·

358 4412 489 4501 quidem
501 4414 584 4491 baee,
599 4414 631 4479 in
648 4413 698 4479 sui
717 4426 843 4492 natura,
859 4412 1070 4482 immutabilia
1090 4426 1176 4481 sunt.
1221 4420 1309 4489 Nam

385 4534 459 4581 von.
475 4536 505 4581 v.
809 4534 829 4576 ο
