<?xml version="1.0" encoding="UTF-8"?>
<!DOCTYPE html PUBLIC "-//W3C//DTD XHTML 1.0 Transitional//EN"
    "http://www.w3.org/TR/xhtml1/DTD/xhtml1-transitional.dtd">
<html xmlns="http://www.w3.org/1999/xhtml" xml:lang="en" lang="en">
 <head>
  <title>
</title>
<meta http-equiv="Content-Type" content="text/html;charset=utf-8" />
  <meta name='ocr-system' content='tesseract 3.04.00' />
  <meta name='ocr-capabilities' content='ocr_page ocr_carea ocr_par ocr_line ocrx_word'/>
</head>
<body>
  <div class='ocr_page' id='page_1' title='image "./joannissaresber13johngoog_0188.png"; bbox 0 0 3625 5317; ppageno 0'>
   <div class='ocr_carea' id='block_1_1' title="bbox 474 756 1422 839">
    <p class='ocr_par' dir='ltr' id='par_1_1' title="bbox 474 756 1422 839">
     <span class='ocr_line' id='line_1_1' title="bbox 474 756 1422 839; baseline -0.008 -12"><span class='ocrx_word' id='word_1_1' title='bbox 474 768 534 828; x_wconf 77' lang='lat' dir='ltr'><strong>tto</strong></span> <span class='ocrx_word' id='word_1_2' title='bbox 729 778 866 825; x_wconf 74' lang='lat' dir='ltr'><strong>ioannis</strong></span> <span class='ocrx_word' id='word_1_3' title='bbox 880 774 1161 823; x_wconf 75' lang='lat' dir='ltr'><strong>sennsnnrusxsts</strong></span> <span class='ocrx_word' id='word_1_4' title='bbox 1279 756 1363 839; x_wconf 77' lang='lat' dir='ltr'><strong>[orn.</strong></span> <span class='ocrx_word' id='word_1_5' title='bbox 1380 776 1422 820; x_wconf 79' lang='lat' dir='ltr'><strong>rs.</strong></span> 
     </span>
    </p>
   </div>
   <div class='ocr_carea' id='block_1_2' title="bbox 467 1015 1427 4070">
    <p class='ocr_par' dir='ltr' id='par_1_2' title="bbox 507 1015 1389 1184">
     <span class='ocr_line' id='line_1_2' title="bbox 507 1015 1389 1106; baseline -0.002 -25"><span class='ocrx_word' id='word_1_6' title='bbox 507 1020 587 1106; x_wconf 83' lang='lat' dir='ltr'><strong>Cap.</strong></span> <span class='ocrx_word' id='word_1_7' title='bbox 603 1024 656 1082; x_wconf 83' lang='lat' dir='ltr'><strong>to.</strong></span> <span class='ocrx_word' id='word_1_8' title='bbox 678 1018 731 1082; x_wconf 83' lang='lat' dir='ltr'><strong>De</strong></span> <span class='ocrx_word' id='word_1_9' title='bbox 743 1019 924 1099; x_wconf 72' lang='lat' dir='ltr'><strong>cognitione</strong></span> <span class='ocrx_word' id='word_1_10' title='bbox 935 1018 1068 1091; x_wconf 81' lang='lat' dir='ltr'><strong>animae,</strong></span> <span class='ocrx_word' id='word_1_11' title='bbox 1083 1022 1114 1079; x_wconf 81' lang='lat' dir='ltr'><strong>et</strong></span> <span class='ocrx_word' id='word_1_12' title='bbox 1127 1015 1342 1097; x_wconf 77' lang='lat' dir='ltr'><strong>sinplicitote,</strong></span> <span class='ocrx_word' id='word_1_13' title='bbox 1357 1022 1389 1079; x_wconf 86' lang='lat' dir='ltr'><strong>ct</strong></span> 
     </span>
     <span class='ocr_line' id='line_1_3' title="bbox 626 1118 1269 1184; baseline -0.006 0"><span class='ocrx_word' id='word_1_14' title='bbox 626 1119 866 1184; x_wconf 80' lang='lat' dir='ltr'><strong>immortalitate</strong></span> <span class='ocrx_word' id='word_1_15' title='bbox 879 1120 1059 1183; x_wconf 84' lang='lat' dir='ltr'><strong>secundum</strong></span> <span class='ocrx_word' id='word_1_16' title='bbox 1076 1118 1269 1183; x_wconf 69' lang='lat' dir='ltr'><strong>Ciceronm</strong></span> 
     </span>
    </p>

    <p class='ocr_par' dir='ltr' id='par_1_3' title="bbox 467 1232 1427 4070">
     <span class='ocr_line' id='line_1_4' title="bbox 515 1232 1424 1321; baseline -0.004 -17"><span class='ocrx_word' id='word_1_17' title='bbox 515 1241 618 1304; x_wconf 76' lang='lat' dir='ltr'><strong>Uttnn</strong></span> <span class='ocrx_word' id='word_1_18' title='bbox 632 1251 665 1302; x_wconf 88' lang='lat' dir='ltr'><strong>et</strong></span> <span class='ocrx_word' id='word_1_19' title='bbox 679 1234 810 1321; x_wconf 88' lang='lat' dir='ltr'><strong>quidam</strong></span> <span class='ocrx_word' id='word_1_20' title='bbox 826 1235 942 1301; x_wconf 88' lang='lat' dir='ltr'><strong>minuti</strong></span> <span class='ocrx_word' id='word_1_21' title='bbox 957 1234 1149 1321; x_wconf 69' lang='lat' dir='ltr'>philosophi,</span> <span class='ocrx_word' id='word_1_22' title='bbox 1164 1258 1203 1299; x_wconf 90' lang='lat' dir='ltr'><strong>eo</strong></span> <span class='ocrx_word' id='word_1_23' title='bbox 1216 1232 1304 1320; x_wconf 88' lang='lat' dir='ltr'><strong>quod</strong></span> <span class='ocrx_word' id='word_1_24' title='bbox 1320 1257 1340 1298; x_wconf 85' lang='lat' dir='ltr'><strong>a</strong></span> <span class='ocrx_word' id='word_1_25' title='bbox 1354 1256 1424 1300; x_wconf 89' lang='lat' dir='ltr'><strong>seo-</strong></span> 
     </span>
     <span class='ocr_line' id='line_1_5' title="bbox 470 1336 1424 1423; baseline -0.004 -18"><span class='ocrx_word' id='word_1_26' title='bbox 470 1340 559 1405; x_wconf 87' lang='lat' dir='ltr'><strong>sibus</strong></span> <span class='ocrx_word' id='word_1_27' title='bbox 573 1339 614 1404; x_wconf 90' lang='lat' dir='ltr'><strong>ad</strong></span> <span class='ocrx_word' id='word_1_28' title='bbox 630 1337 792 1404; x_wconf 86' lang='lat' dir='ltr'><strong>scientiam</strong></span> <span class='ocrx_word' id='word_1_29' title='bbox 808 1336 848 1402; x_wconf 86' lang='lat' dir='ltr'><strong>sit</strong></span> <span class='ocrx_word' id='word_1_30' title='bbox 862 1359 1028 1423; x_wconf 86' lang='lat' dir='ltr'><strong>processus</strong></span> <span class='ocrx_word' id='word_1_31' title='bbox 1042 1336 1103 1401; x_wconf 89' lang='lat' dir='ltr'><strong>nisi</strong></span> <span class='ocrx_word' id='word_1_32' title='bbox 1125 1359 1248 1413; x_wconf 88' lang='lat' dir='ltr'><strong>eorum,</strong></span> <span class='ocrx_word' id='word_1_33' title='bbox 1262 1360 1338 1422; x_wconf 83' lang='lat' dir='ltr'><strong>quae</strong></span> <span class='ocrx_word' id='word_1_34' title='bbox 1355 1358 1424 1401; x_wconf 87' lang='lat' dir='ltr'><strong>sen·</strong></span> 
     </span>
     <span class='ocr_line' id='line_1_6' title="bbox 470 1438 1422 1525; baseline -0.004 -18"><span class='ocrx_word' id='word_1_35' title='bbox 470 1442 606 1520; x_wconf 76' lang='lat' dir='ltr'><strong>liuntur,</strong></span> <span class='ocrx_word' id='word_1_36' title='bbox 622 1440 719 1504; x_wconf 89' lang='lat' dir='ltr'><strong>ullam</strong></span> <span class='ocrx_word' id='word_1_37' title='bbox 735 1452 852 1525; x_wconf 81' lang='lat' dir='ltr'><strong>negent</strong></span> <span class='ocrx_word' id='word_1_38' title='bbox 868 1462 936 1504; x_wconf 87' lang='lat' dir='ltr'><strong>essa</strong></span> <span class='ocrx_word' id='word_1_39' title='bbox 950 1438 1125 1503; x_wconf 85' lang='lat' dir='ltr'><strong>scientiam.</strong></span> <span class='ocrx_word' id='word_1_40' title='bbox 1159 1438 1254 1516; x_wconf 87' lang='lat' dir='ltr'><strong>Quod</strong></span> <span class='ocrx_word' id='word_1_41' title='bbox 1266 1452 1422 1524; x_wconf 87' lang='lat' dir='ltr'><strong>quantum</strong></span> 
     </span>
     <span class='ocr_line' id='line_1_7' title="bbox 470 1540 1423 1631; baseline -0.002 -24"><span class='ocrx_word' id='word_1_42' title='bbox 470 1542 716 1631; x_wconf 87' lang='lat' dir='ltr'><strong>philosophandi</strong></span> <span class='ocrx_word' id='word_1_43' title='bbox 736 1540 900 1630; x_wconf 87' lang='lat' dir='ltr'><strong>proposito</strong></span> <span class='ocrx_word' id='word_1_44' title='bbox 919 1540 1120 1622; x_wconf 72' lang='lat' dir='ltr'><strong>adversetur,</strong></span> <span class='ocrx_word' id='word_1_45' title='bbox 1139 1540 1344 1627; x_wconf 85' lang='lat' dir='ltr'><strong>perspicuum</strong></span> <span class='ocrx_word' id='word_1_46' title='bbox 1364 1554 1423 1605; x_wconf 89' lang='lat' dir='ltr'><strong>est.</strong></span> 
     </span>
     <span class='ocr_line' id='line_1_8' title="bbox 470 1644 1424 1731; baseline -0.004 -18"><span class='ocrx_word' id='word_1_47' title='bbox 470 1646 559 1713; x_wconf 87' lang='lat' dir='ltr'><strong>Perit</strong></span> <span class='ocrx_word' id='word_1_48' title='bbox 581 1646 663 1712; x_wconf 90' lang='lat' dir='ltr'><strong>enim</strong></span> <span class='ocrx_word' id='word_1_49' title='bbox 687 1646 872 1711; x_wconf 82' lang='lat' dir='ltr'><strong>exercitium</strong></span> <span class='ocrx_word' id='word_1_50' title='bbox 896 1644 1038 1721; x_wconf 84' lang='lat' dir='ltr'><strong>rationis,</strong></span> <span class='ocrx_word' id='word_1_51' title='bbox 1061 1668 1130 1731; x_wconf 86' lang='lat' dir='ltr'><strong>quo</strong></span> <span class='ocrx_word' id='word_1_52' title='bbox 1150 1666 1257 1709; x_wconf 86' lang='lat' dir='ltr'><strong>rerum</strong></span> <span class='ocrx_word' id='word_1_53' title='bbox 1279 1644 1367 1730; x_wconf 86' lang='lat' dir='ltr'><strong>apud</strong></span> <span class='ocrx_word' id='word_1_54' title='bbox 1390 1668 1424 1709; x_wconf 88' lang='lat' dir='ltr'><strong>ae</strong></span> 
     </span>
     <span class='ocr_line' id='line_1_9' title="bbox 468 1744 1422 1835; baseline -0.003 -19"><span class='ocrx_word' id='word_1_55' title='bbox 468 1751 622 1827; x_wconf 85' lang='lat' dir='ltr'><strong>notiones,</strong></span> <span class='ocrx_word' id='word_1_56' title='bbox 637 1772 719 1835; x_wconf 85' lang='lat' dir='ltr'><strong>quas</strong></span> <span class='ocrx_word' id='word_1_57' title='bbox 733 1746 838 1814; x_wconf 81' lang='lat' dir='ltr'><strong>Groeci</strong></span> <span class='ocrx_word' id='word_1_58' title='bbox 854 1746 986 1811; x_wconf 78' lang='lat' dir='ltr'><strong>ennoias</strong></span> <span class='ocrx_word' id='word_1_59' title='bbox 1000 1744 1123 1826; x_wconf 88' lang='lat' dir='ltr'><strong>dicunt,</strong></span> <span class='ocrx_word' id='word_1_60' title='bbox 1139 1746 1302 1832; x_wconf 71' lang='lat' dir='ltr'><strong>quaeritet</strong></span> <span class='ocrx_word' id='word_1_61' title='bbox 1318 1760 1422 1821; x_wconf 62' lang='lat' dir='ltr'><strong>tenen</strong></span> 
     </span>
     <span class='ocr_line' id='line_1_10' title="bbox 469 1846 1424 1939; baseline -0.004 -22"><span class='ocrx_word' id='word_1_62' title='bbox 469 1854 536 1918; x_wconf 86' lang='lat' dir='ltr'><strong>sine</strong></span> <span class='ocrx_word' id='word_1_63' title='bbox 558 1874 635 1939; x_wconf 86' lang='lat' dir='ltr'><strong>quo,</strong></span> <span class='ocrx_word' id='word_1_64' title='bbox 653 1873 711 1915; x_wconf 88' lang='lat' dir='ltr'><strong>nec</strong></span> <span class='ocrx_word' id='word_1_65' title='bbox 729 1871 844 1913; x_wconf 88' lang='lat' dir='ltr'><strong>nomen</strong></span> <span class='ocrx_word' id='word_1_66' title='bbox 866 1862 1013 1915; x_wconf 75' lang='lat' dir='ltr'><strong>constare</strong></span> <span class='ocrx_word' id='word_1_67' title='bbox 1034 1859 1151 1933; x_wconf 87' lang='lat' dir='ltr'><strong>potest.</strong></span> <span class='ocrx_word' id='word_1_68' title='bbox 1198 1846 1258 1913; x_wconf 85' lang='lat' dir='ltr'><strong>Est</strong></span> <span class='ocrx_word' id='word_1_69' title='bbox 1276 1870 1367 1934; x_wconf 87' lang='lat' dir='ltr'><strong>ergo,</strong></span> <span class='ocrx_word' id='word_1_70' title='bbox 1387 1863 1424 1913; x_wconf 91' lang='lat' dir='ltr'><strong>ut</strong></span> 
     </span>
     <span class='ocr_line' id='line_1_11' title="bbox 467 1949 1425 2035; baseline -0.003 -16"><span class='ocrx_word' id='word_1_71' title='bbox 467 1954 513 2020; x_wconf 89' lang='lat' dir='ltr'><strong>ait</strong></span> <span class='ocrx_word' id='word_1_72' title='bbox 538 1954 651 2021; x_wconf 88' lang='lat' dir='ltr'><strong>Cicero</strong></span> <span class='ocrx_word' id='word_1_73' title='bbox 681 1952 713 2015; x_wconf 91' lang='lat' dir='ltr'><strong>iu</strong></span> <span class='ocrx_word' id='word_1_74' title='bbox 741 1949 947 2025; x_wconf 89' lang='lat' dir='ltr'><strong>Tusculanis,</strong></span> <span class='ocrx_word' id='word_1_75' title='bbox 971 1953 1084 2033; x_wconf 75' lang='lat' dir='ltr'><strong>magni</strong></span> <span class='ocrx_word' id='word_1_76' title='bbox 1111 1954 1249 2035; x_wconf 81' lang='lat' dir='ltr'><strong>ingenii,</strong></span> <span class='ocrx_word' id='word_1_77' title='bbox 1275 1972 1425 2016; x_wconf 73' lang='lat' dir='ltr'><strong>monera</strong></span> 
     </span>
     <span class='ocr_line' id='line_1_12' title="bbox 468 2054 1425 2136; baseline 0 -17"><span class='ocrx_word' id='word_1_78' title='bbox 468 2064 605 2119; x_wconf 78' lang='lat' dir='ltr'><strong>merrtem</strong></span> <span class='ocrx_word' id='word_1_79' title='bbox 630 2076 651 2117; x_wconf 83' lang='lat' dir='ltr'><strong>c</strong></span> <span class='ocrx_word' id='word_1_80' title='bbox 674 2054 828 2131; x_wconf 57' lang='lat' dir='ltr'><strong>sanabria,</strong></span> <span class='ocrx_word' id='word_1_81' title='bbox 850 2064 884 2119; x_wconf 87' lang='lat' dir='ltr'><strong>ct</strong></span> <span class='ocrx_word' id='word_1_82' title='bbox 904 2056 1125 2136; x_wconf 70' lang='lat' dir='ltr'><strong>cogitationem</strong></span> <span class='ocrx_word' id='word_1_83' title='bbox 1148 2076 1169 2117; x_wconf 89' lang='lat' dir='ltr'><strong>o</strong></span> <span class='ocrx_word' id='word_1_84' title='bbox 1190 2056 1425 2119; x_wconf 72' lang='lat' dir='ltr'><strong>mansetudine</strong></span> 
     </span>
     <span class='ocr_line' id='line_1_13' title="bbox 470 2154 1425 2242; baseline 0.001 -22"><span class='ocrx_word' id='word_1_85' title='bbox 470 2158 635 2221; x_wconf 79' lang='lat' dir='ltr'><strong>obducere.</strong></span> <span class='ocrx_word' id='word_1_86' title='bbox 682 2158 750 2221; x_wconf 87' lang='lat' dir='ltr'><strong>Nec</strong></span> <span class='ocrx_word' id='word_1_87' title='bbox 775 2154 860 2219; x_wconf 87' lang='lat' dir='ltr'><strong>enim</strong></span> <span class='ocrx_word' id='word_1_88' title='bbox 886 2157 979 2221; x_wconf 89' lang='lat' dir='ltr'><strong>Deus</strong></span> <span class='ocrx_word' id='word_1_89' title='bbox 1002 2154 1083 2241; x_wconf 86' lang='lat' dir='ltr'><strong>ipse,</strong></span> <span class='ocrx_word' id='word_1_90' title='bbox 1108 2155 1167 2242; x_wconf 92' lang='lat' dir='ltr'><strong>qui</strong></span> <span class='ocrx_word' id='word_1_91' title='bbox 1191 2154 1384 2241; x_wconf 89' lang='lat' dir='ltr'><strong>intelligitur</strong></span> <span class='ocrx_word' id='word_1_92' title='bbox 1405 2178 1425 2221; x_wconf 86' lang='lat' dir='ltr'><strong>a</strong></span> 
     </span>
     <span class='ocr_line' id='line_1_14' title="bbox 469 2253 1427 2343; baseline -0.001 -22"><span class='ocrx_word' id='word_1_93' title='bbox 469 2254 571 2331; x_wconf 87' lang='lat' dir='ltr'><strong>nobis,</strong></span> <span class='ocrx_word' id='word_1_94' title='bbox 586 2254 649 2321; x_wconf 87' lang='lat' dir='ltr'><strong>alin</strong></span> <span class='ocrx_word' id='word_1_95' title='bbox 663 2253 759 2319; x_wconf 91' lang='lat' dir='ltr'><strong>modo</strong></span> <span class='ocrx_word' id='word_1_96' title='bbox 773 2254 906 2340; x_wconf 79' lang='lat' dir='ltr'><strong>intelligi</strong></span> <span class='ocrx_word' id='word_1_97' title='bbox 923 2268 1039 2341; x_wconf 89' lang='lat' dir='ltr'><strong>potest,</strong></span> <span class='ocrx_word' id='word_1_98' title='bbox 1054 2255 1115 2320; x_wconf 89' lang='lat' dir='ltr'><strong>nisi</strong></span> <span class='ocrx_word' id='word_1_99' title='bbox 1130 2278 1218 2320; x_wconf 87' lang='lat' dir='ltr'><strong>mens</strong></span> <span class='ocrx_word' id='word_1_100' title='bbox 1231 2254 1337 2322; x_wconf 89' lang='lat' dir='ltr'><strong>soluta</strong></span> <span class='ocrx_word' id='word_1_101' title='bbox 1354 2256 1427 2343; x_wconf 86' lang='lat' dir='ltr'><strong>qui-</strong></span> 
     </span>
     <span class='ocr_line' id='line_1_15' title="bbox 469 2355 1425 2441; baseline 0 -20"><span class='ocrx_word' id='word_1_102' title='bbox 469 2355 541 2421; x_wconf 89' lang='lat' dir='ltr'><strong>dem</strong></span> <span class='ocrx_word' id='word_1_103' title='bbox 562 2356 614 2437; x_wconf 86' lang='lat' dir='ltr'><strong>sit,</strong></span> <span class='ocrx_word' id='word_1_104' title='bbox 634 2368 667 2419; x_wconf 87' lang='lat' dir='ltr'><strong>et</strong></span> <span class='ocrx_word' id='word_1_105' title='bbox 688 2355 799 2431; x_wconf 87' lang='lat' dir='ltr'><strong>libera,</strong></span> <span class='ocrx_word' id='word_1_106' title='bbox 819 2368 852 2420; x_wconf 93' lang='lat' dir='ltr'><strong>et</strong></span> <span class='ocrx_word' id='word_1_107' title='bbox 872 2368 1037 2441; x_wconf 87' lang='lat' dir='ltr'><strong>segregata</strong></span> <span class='ocrx_word' id='word_1_108' title='bbox 1058 2356 1100 2421; x_wconf 87' lang='lat' dir='ltr'><strong>ab</strong></span> <span class='ocrx_word' id='word_1_109' title='bbox 1119 2355 1204 2419; x_wconf 89' lang='lat' dir='ltr'><strong>omni</strong></span> <span class='ocrx_word' id='word_1_110' title='bbox 1226 2357 1425 2421; x_wconf 87' lang='lat' dir='ltr'><strong>concretione</strong></span> 
     </span>
     <span class='ocr_line' id='line_1_16' title="bbox 470 2455 1424 2545; baseline 0 -22"><span class='ocrx_word' id='word_1_111' title='bbox 470 2456 606 2523; x_wconf 83' lang='lat' dir='ltr'><strong>mortali.</strong></span> <span class='ocrx_word' id='word_1_112' title='bbox 652 2455 829 2542; x_wconf 82' lang='lat' dir='ltr'><strong>Singularis</strong></span> <span class='ocrx_word' id='word_1_113' title='bbox 854 2471 903 2522; x_wconf 88' lang='lat' dir='ltr'><strong>est</strong></span> <span class='ocrx_word' id='word_1_114' title='bbox 927 2456 1076 2544; x_wconf 78' lang='lat' dir='ltr'><strong>quiedam</strong></span> <span class='ocrx_word' id='word_1_115' title='bbox 1101 2470 1228 2533; x_wconf 83' lang='lat' dir='ltr'><strong>natura,</strong></span> <span class='ocrx_word' id='word_1_116' title='bbox 1251 2470 1350 2545; x_wconf 85' lang='lat' dir='ltr'><strong>atque</strong></span> <span class='ocrx_word' id='word_1_117' title='bbox 1376 2458 1424 2523; x_wconf 85' lang='lat' dir='ltr'><strong>vis</strong></span> 
     </span>
     <span class='ocr_line' id='line_1_17' title="bbox 468 2557 1425 2648; baseline 0 -23"><span class='ocrx_word' id='word_1_118' title='bbox 468 2558 576 2635; x_wconf 87' lang='lat' dir='ltr'><strong>animi,</strong></span> <span class='ocrx_word' id='word_1_119' title='bbox 592 2558 735 2645; x_wconf 82' lang='lat' dir='ltr'><strong>sejuncta</strong></span> <span class='ocrx_word' id='word_1_120' title='bbox 749 2559 790 2623; x_wconf 90' lang='lat' dir='ltr'><strong>ab</strong></span> <span class='ocrx_word' id='word_1_121' title='bbox 805 2557 854 2624; x_wconf 86' lang='lat' dir='ltr'><strong>his</strong></span> <span class='ocrx_word' id='word_1_122' title='bbox 870 2560 995 2625; x_wconf 85' lang='lat' dir='ltr'><strong>usitatis</strong></span> <span class='ocrx_word' id='word_1_123' title='bbox 1008 2558 1156 2646; x_wconf 87' lang='lat' dir='ltr'><strong>notisque</strong></span> <span class='ocrx_word' id='word_1_124' title='bbox 1174 2560 1313 2625; x_wconf 87' lang='lat' dir='ltr'><strong>naturis:</strong></span> <span class='ocrx_word' id='word_1_125' title='bbox 1335 2561 1425 2648; x_wconf 92' lang='lat' dir='ltr'><strong>quic-</strong></span> 
     </span>
     <span class='ocr_line' id='line_1_18' title="bbox 471 2660 1423 2749; baseline -0.002 -21"><span class='ocrx_word' id='word_1_126' title='bbox 471 2660 549 2749; x_wconf 86' lang='lat' dir='ltr'><strong>quid</strong></span> <span class='ocrx_word' id='word_1_127' title='bbox 577 2661 659 2727; x_wconf 88' lang='lat' dir='ltr'><strong>illud</strong></span> <span class='ocrx_word' id='word_1_128' title='bbox 689 2660 740 2737; x_wconf 87' lang='lat' dir='ltr'><strong>sit,</strong></span> <span class='ocrx_word' id='word_1_129' title='bbox 770 2661 916 2748; x_wconf 82' lang='lat' dir='ltr'><strong>profecto</strong></span> <span class='ocrx_word' id='word_1_130' title='bbox 944 2661 1089 2725; x_wconf 85' lang='lat' dir='ltr'><strong>divinum</strong></span> <span class='ocrx_word' id='word_1_131' title='bbox 1118 2674 1177 2727; x_wconf 86' lang='lat' dir='ltr'><strong>est.</strong></span> <span class='ocrx_word' id='word_1_132' title='bbox 1232 2664 1308 2727; x_wconf 93' lang='lat' dir='ltr'><strong>Non</strong></span> <span class='ocrx_word' id='word_1_133' title='bbox 1338 2661 1423 2727; x_wconf 84' lang='lat' dir='ltr'><strong>valet</strong></span> 
     </span>
     <span class='ocr_line' id='line_1_19' title="bbox 471 2761 1421 2850; baseline -0.002 -19"><span class='ocrx_word' id='word_1_134' title='bbox 471 2778 576 2831; x_wconf 89' lang='lat' dir='ltr'><strong>tamen</strong></span> <span class='ocrx_word' id='word_1_135' title='bbox 606 2766 740 2845; x_wconf 88' lang='lat' dir='ltr'><strong>animus,</strong></span> <span class='ocrx_word' id='word_1_136' title='bbox 769 2776 806 2828; x_wconf 92' lang='lat' dir='ltr'><strong>ut</strong></span> <span class='ocrx_word' id='word_1_137' title='bbox 836 2762 930 2850; x_wconf 90' lang='lat' dir='ltr'><strong>plene</strong></span> <span class='ocrx_word' id='word_1_138' title='bbox 958 2764 1096 2850; x_wconf 84' lang='lat' dir='ltr'><strong>seipsum</strong></span> <span class='ocrx_word' id='word_1_139' title='bbox 1125 2761 1243 2828; x_wconf 83' lang='lat' dir='ltr'><strong>videat.</strong></span> <span class='ocrx_word' id='word_1_140' title='bbox 1289 2764 1352 2829; x_wconf 88' lang='lat' dir='ltr'><strong>Sed</strong></span> <span class='ocrx_word' id='word_1_141' title='bbox 1384 2776 1421 2829; x_wconf 90' lang='lat' dir='ltr'><strong>ut</strong></span> 
     </span>
     <span class='ocr_line' id='line_1_20' title="bbox 470 2862 1421 2943; baseline 0.001 -13"><span class='ocrx_word' id='word_1_142' title='bbox 470 2865 594 2941; x_wconf 90' lang='lat' dir='ltr'><strong>oculus,</strong></span> <span class='ocrx_word' id='word_1_143' title='bbox 616 2864 661 2929; x_wconf 85' lang='lat' dir='ltr'><strong>sic</strong></span> <span class='ocrx_word' id='word_1_144' title='bbox 680 2863 806 2929; x_wconf 88' lang='lat' dir='ltr'><strong>animus</strong></span> <span class='ocrx_word' id='word_1_145' title='bbox 828 2886 860 2928; x_wconf 86' lang='lat' dir='ltr'><strong>se</strong></span> <span class='ocrx_word' id='word_1_146' title='bbox 880 2883 944 2927; x_wconf 89' lang='lat' dir='ltr'><strong>non</strong></span> <span class='ocrx_word' id='word_1_147' title='bbox 964 2862 1084 2943; x_wconf 85' lang='lat' dir='ltr'><strong>videns,</strong></span> <span class='ocrx_word' id='word_1_148' title='bbox 1105 2864 1169 2928; x_wconf 81' lang='lat' dir='ltr'><strong>alis</strong></span> <span class='ocrx_word' id='word_1_149' title='bbox 1189 2863 1298 2930; x_wconf 88' lang='lat' dir='ltr'><strong>cernit.</strong></span> <span class='ocrx_word' id='word_1_150' title='bbox 1348 2869 1421 2931; x_wconf 91' lang='lat' dir='ltr'><strong>Non</strong></span> 
     </span>
     <span class='ocr_line' id='line_1_21' title="bbox 471 2964 1426 3051; baseline -0.001 -19"><span class='ocrx_word' id='word_1_151' title='bbox 471 2966 560 3032; x_wconf 85' lang='lat' dir='ltr'><strong>videt</strong></span> <span class='ocrx_word' id='word_1_152' title='bbox 581 2977 688 3032; x_wconf 88' lang='lat' dir='ltr'><strong>autem</strong></span> <span class='ocrx_word' id='word_1_153' title='bbox 712 2964 800 3051; x_wconf 93' lang='lat' dir='ltr'><strong>quod</strong></span> <span class='ocrx_word' id='word_1_154' title='bbox 821 2965 990 3031; x_wconf 88' lang='lat' dir='ltr'><strong>minimum</strong></span> <span class='ocrx_word' id='word_1_155' title='bbox 1010 2978 1071 3043; x_wconf 87' lang='lat' dir='ltr'><strong>est,</strong></span> <span class='ocrx_word' id='word_1_156' title='bbox 1093 2964 1227 3031; x_wconf 81' lang='lat' dir='ltr'><strong>formam</strong></span> <span class='ocrx_word' id='word_1_157' title='bbox 1248 2984 1337 3031; x_wconf 83' lang='lat' dir='ltr'><strong>stram</strong></span> <span class='ocrx_word' id='word_1_158' title='bbox 1359 2967 1426 3032; x_wconf 79' lang='lat' dir='ltr'><strong>ior-</strong></span> 
     </span>
     <span class='ocr_line' id='line_1_22' title="bbox 471 3065 1421 3154; baseline -0.001 -18"><span class='ocrx_word' id='word_1_159' title='bbox 471 3082 564 3135; x_wconf 79' lang='lat' dir='ltr'><strong>usse.</strong></span> <span class='ocrx_word' id='word_1_160' title='bbox 602 3068 804 3151; x_wconf 87' lang='lat' dir='ltr'><strong>Quamquam</strong></span> <span class='ocrx_word' id='word_1_161' title='bbox 828 3065 862 3130; x_wconf 90' lang='lat' dir='ltr'><strong>id</strong></span> <span class='ocrx_word' id='word_1_162' title='bbox 882 3087 1024 3153; x_wconf 89' lang='lat' dir='ltr'><strong>quoque,</strong></span> <span class='ocrx_word' id='word_1_163' title='bbox 1039 3065 1096 3131; x_wconf 89' lang='lat' dir='ltr'><strong>sed</strong></span> <span class='ocrx_word' id='word_1_164' title='bbox 1111 3066 1180 3131; x_wconf 83' lang='lat' dir='ltr'><strong>haec</strong></span> <span class='ocrx_word' id='word_1_165' title='bbox 1195 3068 1421 3154; x_wconf 86' lang='lat' dir='ltr'><strong>relinquamus.</strong></span> 
     </span>
     <span class='ocr_line' id='line_1_23' title="bbox 472 3164 1421 3251; baseline 0 -18"><span class='ocrx_word' id='word_1_166' title='bbox 472 3168 544 3233; x_wconf 83' lang='lat' dir='ltr'><strong>vim</strong></span> <span class='ocrx_word' id='word_1_167' title='bbox 565 3180 661 3244; x_wconf 88' lang='lat' dir='ltr'><strong>certe,</strong></span> <span class='ocrx_word' id='word_1_168' title='bbox 677 3166 896 3251; x_wconf 82' lang='lat' dir='ltr'><strong>sagacitatem,</strong></span> <span class='ocrx_word' id='word_1_169' title='bbox 915 3164 1110 3251; x_wconf 84' lang='lat' dir='ltr'><strong>memoriam,</strong></span> <span class='ocrx_word' id='word_1_170' title='bbox 1129 3180 1265 3248; x_wconf 87' lang='lat' dir='ltr'><strong>motum,</strong></span> <span class='ocrx_word' id='word_1_171' title='bbox 1280 3168 1421 3234; x_wconf 87' lang='lat' dir='ltr'><strong>celerita-</strong></span> 
     </span>
     <span class='ocr_line' id='line_1_24' title="bbox 471 3264 1422 3356; baseline 0 -21"><span class='ocrx_word' id='word_1_172' title='bbox 471 3283 535 3335; x_wconf 85' lang='lat' dir='ltr'><strong>tem</strong></span> <span class='ocrx_word' id='word_1_173' title='bbox 550 3266 647 3332; x_wconf 83' lang='lat' dir='ltr'><strong>videt.</strong></span> <span class='ocrx_word' id='word_1_174' title='bbox 689 3264 770 3330; x_wconf 78' lang='lat' dir='ltr'><strong>Haec</strong></span> <span class='ocrx_word' id='word_1_175' title='bbox 786 3288 912 3351; x_wconf 83' lang='lat' dir='ltr'><strong>magna,</strong></span> <span class='ocrx_word' id='word_1_176' title='bbox 928 3267 996 3332; x_wconf 78' lang='lat' dir='ltr'><strong>haec</strong></span> <span class='ocrx_word' id='word_1_177' title='bbox 1010 3268 1130 3346; x_wconf 84' lang='lat' dir='ltr'><strong>divina,</strong></span> <span class='ocrx_word' id='word_1_178' title='bbox 1146 3269 1216 3336; x_wconf 79' lang='lat' dir='ltr'><strong>haec</strong></span> <span class='ocrx_word' id='word_1_179' title='bbox 1231 3270 1422 3356; x_wconf 82' lang='lat' dir='ltr'><strong>sempiterna</strong></span> 
     </span>
     <span class='ocr_line' id='line_1_25' title="bbox 469 3367 1424 3458; baseline 0.002 -21"><span class='ocrx_word' id='word_1_180' title='bbox 469 3383 554 3437; x_wconf 87' lang='lat' dir='ltr'><strong>sunt.</strong></span> <span class='ocrx_word' id='word_1_181' title='bbox 592 3370 666 3449; x_wconf 81' lang='lat' dir='ltr'><strong>Qua</strong></span> <span class='ocrx_word' id='word_1_182' title='bbox 678 3367 758 3432; x_wconf 80' lang='lat' dir='ltr'><strong>lacis</strong></span> <span class='ocrx_word' id='word_1_183' title='bbox 773 3367 902 3454; x_wconf 86' lang='lat' dir='ltr'><strong>quidem</strong></span> <span class='ocrx_word' id='word_1_184' title='bbox 918 3370 971 3445; x_wconf 77' lang='lat' dir='ltr'><strong>sit,</strong></span> <span class='ocrx_word' id='word_1_185' title='bbox 986 3383 1043 3436; x_wconf 84' lang='lat' dir='ltr'><strong>aut</strong></span> <span class='ocrx_word' id='word_1_186' title='bbox 1058 3371 1116 3437; x_wconf 86' lang='lat' dir='ltr'><strong>ubi</strong></span> <span class='ocrx_word' id='word_1_187' title='bbox 1131 3371 1265 3451; x_wconf 86' lang='lat' dir='ltr'><strong>habitet,</strong></span> <span class='ocrx_word' id='word_1_188' title='bbox 1280 3392 1321 3437; x_wconf 84' lang='lat' dir='ltr'><strong>na</strong></span> <span class='ocrx_word' id='word_1_189' title='bbox 1336 3395 1424 3458; x_wconf 74' lang='lat' dir='ltr'><strong>qun·</strong></span> 
     </span>
     <span class='ocr_line' id='line_1_26' title="bbox 470 3468 1422 3557; baseline 0.003 -20"><span class='ocrx_word' id='word_1_190' title='bbox 470 3471 604 3537; x_wconf 89' lang='lat' dir='ltr'><strong>rendum</strong></span> <span class='ocrx_word' id='word_1_191' title='bbox 629 3481 677 3535; x_wconf 85' lang='lat' dir='ltr'><strong>est</strong></span> <span class='ocrx_word' id='word_1_192' title='bbox 702 3468 843 3556; x_wconf 87' lang='lat' dir='ltr'><strong>quidem.</strong></span> <span class='ocrx_word' id='word_1_193' title='bbox 888 3474 1005 3557; x_wconf 89' lang='lat' dir='ltr'><strong>ltaque</strong></span> <span class='ocrx_word' id='word_1_194' title='bbox 1030 3472 1075 3537; x_wconf 85' lang='lat' dir='ltr'><strong>sic</strong></span> <span class='ocrx_word' id='word_1_195' title='bbox 1103 3486 1243 3539; x_wconf 88' lang='lat' dir='ltr'><strong>mentem</strong></span> <span class='ocrx_word' id='word_1_196' title='bbox 1272 3474 1422 3552; x_wconf 88' lang='lat' dir='ltr'><strong>hominis,</strong></span> 
     </span>
     <span class='ocr_line' id='line_1_27' title="bbox 469 3570 1421 3664; baseline 0 -24"><span class='ocrx_word' id='word_1_197' title='bbox 469 3573 617 3664; x_wconf 83' lang='lat' dir='ltr'><strong>quamvis</strong></span> <span class='ocrx_word' id='word_1_198' title='bbox 631 3592 700 3638; x_wconf 85' lang='lat' dir='ltr'><strong>eam</strong></span> <span class='ocrx_word' id='word_1_199' title='bbox 714 3594 777 3638; x_wconf 88' lang='lat' dir='ltr'><strong>uon</strong></span> <span class='ocrx_word' id='word_1_200' title='bbox 799 3570 918 3655; x_wconf 81' lang='lat' dir='ltr'><strong>videas,</strong></span> <span class='ocrx_word' id='word_1_201' title='bbox 932 3586 970 3638; x_wconf 89' lang='lat' dir='ltr'><strong>ut</strong></span> <span class='ocrx_word' id='word_1_202' title='bbox 990 3577 1097 3640; x_wconf 89' lang='lat' dir='ltr'><strong>Deum</strong></span> <span class='ocrx_word' id='word_1_203' title='bbox 1115 3597 1179 3640; x_wconf 93' lang='lat' dir='ltr'><strong>non</strong></span> <span class='ocrx_word' id='word_1_204' title='bbox 1194 3575 1299 3650; x_wconf 67' lang='lat' dir='ltr'><strong>videm</strong></span> <span class='ocrx_word' id='word_1_205' title='bbox 1315 3589 1421 3641; x_wconf 88' lang='lat' dir='ltr'><strong>tamen</strong></span> 
     </span>
     <span class='ocr_line' id='line_1_28' title="bbox 469 3675 1423 3763; baseline 0 -20"><span class='ocrx_word' id='word_1_206' title='bbox 469 3690 506 3743; x_wconf 87' lang='lat' dir='ltr'><strong>ut</strong></span> <span class='ocrx_word' id='word_1_207' title='bbox 523 3676 629 3743; x_wconf 88' lang='lat' dir='ltr'><strong>Deum</strong></span> <span class='ocrx_word' id='word_1_208' title='bbox 644 3678 789 3762; x_wconf 77' lang='lat' dir='ltr'><strong>agnoscis</strong></span> <span class='ocrx_word' id='word_1_209' title='bbox 803 3698 843 3740; x_wconf 82' lang='lat' dir='ltr'><strong>ex</strong></span> <span class='ocrx_word' id='word_1_210' title='bbox 863 3675 1014 3763; x_wconf 88' lang='lat' dir='ltr'><strong>operibus</strong></span> <span class='ocrx_word' id='word_1_211' title='bbox 1036 3677 1123 3762; x_wconf 85' lang='lat' dir='ltr'><strong>ejus:</strong></span> <span class='ocrx_word' id='word_1_212' title='bbox 1147 3677 1193 3744; x_wconf 91' lang='lat' dir='ltr'><strong>sic</strong></span> <span class='ocrx_word' id='word_1_213' title='bbox 1211 3700 1251 3744; x_wconf 86' lang='lat' dir='ltr'><strong>ex</strong></span> <span class='ocrx_word' id='word_1_214' title='bbox 1271 3679 1423 3744; x_wconf 89' lang='lat' dir='ltr'><strong>memoria</strong></span> 
     </span>
     <span class='ocr_line' id='line_1_29' title="bbox 468 3776 1422 3866; baseline 0.001 -22"><span class='ocrx_word' id='word_1_215' title='bbox 468 3800 586 3853; x_wconf 87' lang='lat' dir='ltr'><strong>rerum,</strong></span> <span class='ocrx_word' id='word_1_216' title='bbox 607 3790 641 3842; x_wconf 92' lang='lat' dir='ltr'><strong>et</strong></span> <span class='ocrx_word' id='word_1_217' title='bbox 664 3776 857 3858; x_wconf 84' lang='lat' dir='ltr'><strong>inventione,</strong></span> <span class='ocrx_word' id='word_1_218' title='bbox 878 3791 912 3843; x_wconf 91' lang='lat' dir='ltr'><strong>et</strong></span> <span class='ocrx_word' id='word_1_219' title='bbox 939 3777 1101 3843; x_wconf 86' lang='lat' dir='ltr'><strong>celeritate</strong></span> <span class='ocrx_word' id='word_1_220' title='bbox 1126 3792 1245 3858; x_wconf 90' lang='lat' dir='ltr'><strong>motus,</strong></span> <span class='ocrx_word' id='word_1_221' title='bbox 1269 3780 1422 3866; x_wconf 87' lang='lat' dir='ltr'><strong>omnique</strong></span> 
     </span>
     <span class='ocr_line' id='line_1_30' title="bbox 468 3876 1421 3969; baseline 0.001 -24"><span class='ocrx_word' id='word_1_222' title='bbox 468 3876 708 3969; x_wconf 86' lang='lat' dir='ltr'><strong>pulchritudine</strong></span> <span class='ocrx_word' id='word_1_223' title='bbox 723 3878 863 3961; x_wconf 83' lang='lat' dir='ltr'><strong>virtutis,</strong></span> <span class='ocrx_word' id='word_1_224' title='bbox 878 3879 941 3944; x_wconf 87' lang='lat' dir='ltr'><strong>vim</strong></span> <span class='ocrx_word' id='word_1_225' title='bbox 957 3880 1097 3946; x_wconf 83' lang='lat' dir='ltr'><strong>divinam</strong></span> <span class='ocrx_word' id='word_1_226' title='bbox 1114 3882 1228 3947; x_wconf 87' lang='lat' dir='ltr'><strong>mentis</strong></span> <span class='ocrx_word' id='word_1_227' title='bbox 1248 3880 1421 3967; x_wconf 75' lang='lat' dir='ltr'><strong>agnoscito.</strong></span> 
     </span>
     <span class='ocr_line' id='line_1_31' title="bbox 470 3979 1422 4070; baseline 0 -22"><span class='ocrx_word' id='word_1_228' title='bbox 470 3984 510 4048; x_wconf 91' lang='lat' dir='ltr'><strong>In</strong></span> <span class='ocrx_word' id='word_1_229' title='bbox 533 3979 630 4045; x_wconf 85' lang='lat' dir='ltr'><strong>animi</strong></span> <span class='ocrx_word' id='word_1_230' title='bbox 652 3991 759 4043; x_wconf 88' lang='lat' dir='ltr'><strong>autem</strong></span> <span class='ocrx_word' id='word_1_231' title='bbox 782 3980 962 4065; x_wconf 78' lang='lat' dir='ltr'><strong>cognitione</strong></span> <span class='ocrx_word' id='word_1_232' title='bbox 984 3981 1132 4048; x_wconf 88' lang='lat' dir='ltr'><strong>dubitare</strong></span> <span class='ocrx_word' id='word_1_233' title='bbox 1154 4006 1217 4049; x_wconf 89' lang='lat' dir='ltr'><strong>non</strong></span> <span class='ocrx_word' id='word_1_234' title='bbox 1240 4005 1422 4070; x_wconf 84' lang='lat' dir='ltr'><strong>possumus,</strong></span> 
     </span>
    </p>
   </div>
   <div class='ocr_carea' id='block_1_3' title="bbox 468 4079 1423 4481">
    <p class='ocr_par' dir='ltr' id='par_1_4' title="bbox 468 4079 1423 4481">
     <span class='ocr_line' id='line_1_32' title="bbox 468 4079 1422 4173; baseline -0.002 -22"><span class='ocrx_word' id='word_1_235' title='bbox 468 4085 528 4152; x_wconf 89' lang='lat' dir='ltr'><strong>nisi</strong></span> <span class='ocrx_word' id='word_1_236' title='bbox 552 4082 645 4170; x_wconf 87' lang='lat' dir='ltr'><strong>plane</strong></span> <span class='ocrx_word' id='word_1_237' title='bbox 666 4080 698 4144; x_wconf 92' lang='lat' dir='ltr'><strong>in</strong></span> <span class='ocrx_word' id='word_1_238' title='bbox 721 4079 862 4167; x_wconf 79' lang='lat' dir='ltr'><strong>physicis</strong></span> <span class='ocrx_word' id='word_1_239' title='bbox 883 4080 1027 4168; x_wconf 91' lang='lat' dir='ltr'><strong>plumbei</strong></span> <span class='ocrx_word' id='word_1_240' title='bbox 1048 4085 1160 4163; x_wconf 86' lang='lat' dir='ltr'><strong>simus,</strong></span> <span class='ocrx_word' id='word_1_241' title='bbox 1175 4087 1255 4173; x_wconf 91' lang='lat' dir='ltr'><strong>quin</strong></span> <span class='ocrx_word' id='word_1_242' title='bbox 1279 4085 1358 4149; x_wconf 91' lang='lat' dir='ltr'><strong>nihil</strong></span> <span class='ocrx_word' id='word_1_243' title='bbox 1381 4084 1422 4149; x_wconf 87' lang='lat' dir='ltr'><strong>sit</strong></span> 
     </span>
     <span class='ocr_line' id='line_1_33' title="bbox 468 4184 1423 4277; baseline 0 -22"><span class='ocrx_word' id='word_1_244' title='bbox 468 4186 581 4255; x_wconf 86' lang='lat' dir='ltr'><strong>animis</strong></span> <span class='ocrx_word' id='word_1_245' title='bbox 601 4184 791 4259; x_wconf 83' lang='lat' dir='ltr'><strong>admixtum,</strong></span> <span class='ocrx_word' id='word_1_246' title='bbox 812 4184 891 4251; x_wconf 87' lang='lat' dir='ltr'><strong>nihil</strong></span> <span class='ocrx_word' id='word_1_247' title='bbox 906 4200 1101 4266; x_wconf 79' lang='lat' dir='ltr'><strong>concretum,</strong></span> <span class='ocrx_word' id='word_1_248' title='bbox 1121 4189 1202 4255; x_wconf 89' lang='lat' dir='ltr'><strong>nihil</strong></span> <span class='ocrx_word' id='word_1_249' title='bbox 1223 4190 1423 4277; x_wconf 86' lang='lat' dir='ltr'><strong>copulatum,</strong></span> 
     </span>
     <span class='ocr_line' id='line_1_34' title="bbox 468 4286 1423 4378; baseline 0 -23"><span class='ocrx_word' id='word_1_250' title='bbox 468 4289 549 4357; x_wconf 85' lang='lat' dir='ltr'><strong>nihil</strong></span> <span class='ocrx_word' id='word_1_251' title='bbox 560 4296 828 4374; x_wconf 82' lang='lat' dir='ltr'><strong>coagmentatum,</strong></span> <span class='ocrx_word' id='word_1_252' title='bbox 839 4286 1064 4375; x_wconf 84' lang='lat' dir='ltr'><strong>nihilduplex.</strong></span> <span class='ocrx_word' id='word_1_253' title='bbox 1090 4292 1186 4369; x_wconf 87' lang='lat' dir='ltr'><strong>Quod</strong></span> <span class='ocrx_word' id='word_1_254' title='bbox 1197 4314 1300 4378; x_wconf 88' lang='lat' dir='ltr'><strong>quum</strong></span> <span class='ocrx_word' id='word_1_255' title='bbox 1313 4292 1423 4365; x_wconf 86' lang='lat' dir='ltr'><strong>itasit,</strong></span> 
     </span>
     <span class='ocr_line' id='line_1_35' title="bbox 469 4386 1423 4481; baseline 0 -24"><span class='ocrx_word' id='word_1_256' title='bbox 469 4404 555 4457; x_wconf 89' lang='lat' dir='ltr'><strong>certe</strong></span> <span class='ocrx_word' id='word_1_257' title='bbox 569 4412 627 4459; x_wconf 87' lang='lat' dir='ltr'><strong>nec</strong></span> <span class='ocrx_word' id='word_1_258' title='bbox 642 4386 771 4467; x_wconf 86' lang='lat' dir='ltr'><strong>secerni,</strong></span> <span class='ocrx_word' id='word_1_259' title='bbox 784 4410 841 4454; x_wconf 89' lang='lat' dir='ltr'><strong>nec</strong></span> <span class='ocrx_word' id='word_1_260' title='bbox 854 4388 968 4470; x_wconf 84' lang='lat' dir='ltr'><strong>dividi,</strong></span> <span class='ocrx_word' id='word_1_261' title='bbox 983 4412 1040 4458; x_wconf 88' lang='lat' dir='ltr'><strong>nec</strong></span> <span class='ocrx_word' id='word_1_262' title='bbox 1054 4391 1203 4481; x_wconf 86' lang='lat' dir='ltr'><strong>discerpi,</strong></span> <span class='ocrx_word' id='word_1_263' title='bbox 1215 4413 1274 4459; x_wconf 87' lang='lat' dir='ltr'><strong>nac</strong></span> <span class='ocrx_word' id='word_1_264' title='bbox 1288 4392 1423 4458; x_wconf 81' lang='lat' dir='ltr'><strong>distrahi</strong></span> 
     </span>
    </p>
   </div>
   <div class='ocr_carea' id='block_1_4' title="bbox 0 0 1818 5317">
    <p class='ocr_par' dir='ltr' id='par_1_5' title="bbox 0 0 1818 5317">
     <span class='ocr_line' id='line_1_36' title="bbox 0 0 1818 5317; baseline 0 0"><span class='ocrx_word' id='word_1_265' title='bbox 0 0 1818 5317; x_wconf 95' lang='lat' dir='ltr'><strong> </strong></span> 
     </span>
    </p>
   </div>
  </div>
 </body>
</html>
