3625 5317
412 831 483 877 ose.
498 814 571 894 xm]
756 828 996 877 nnrstoorcus.
1306 818 1365 875 1⁰5

413 980 493 1046 sicut
516 982 647 1046 materia
670 980 764 1046 habet
789 994 825 1046 ut
847 982 946 1067 possit
968 981 1028 1045 hoc
1050 1002 1128 1052 ease.
1148 993 1206 1045 aut
1228 992 1363 1056 tautum,

413 1094 469 1148 aut
485 1084 564 1147 tale:
597 1082 640 1149 sic
656 1095 687 1148 et
703 1084 814 1148 iormae
828 1084 948 1148 habent
963 1105 982 1147 a
996 1082 1161 1148 conditore
1181 1095 1219 1149 ut
1241 1085 1363 1170 possint

413 1187 460 1251 rel
476 1186 546 1268 hoc,
562 1188 611 1251 vel
627 1187 749 1274 aliquid
774 1188 886 1264 iacere,
903 1199 984 1273 puta
1005 1184 1134 1265 animal,
1150 1199 1207 1251 aut
1229 1186 1363 1273 lignum,

412 1308 468 1355 aut
490 1302 627 1366 tantum,
644 1304 701 1355 aut
725 1290 798 1354 talc.
845 1293 1005 1355 Caeterum
1029 1286 1088 1354 etsi
1112 1288 1272 1365 mathesis,
1292 1313 1364 1375 qnae

412 1392 629 1459 doctrinaliter
643 1395 675 1457 in
692 1392 960 1459 abstractionibus
972 1407 1126 1469 versatur,
1138 1406 1170 1457 et
1186 1392 1364 1459 subtilitate

412 1514 480 1570 sua,
510 1494 694 1559 naturaliter
723 1496 905 1581 conjuncta,
933 1491 1099 1579 disjungit,
1127 1491 1196 1555 haec
1225 1491 1362 1556 vicissim

412 1596 647 1681 separatimque
662 1595 825 1673 discutiat,
843 1608 879 1659 ut
895 1608 1008 1659 natura
1024 1595 1269 1681 compositorum
1284 1594 1363 1659 iide-

410 1696 470 1762 lius
485 1710 517 1761 et
532 1698 713 1782 expressius
724 1710 889 1763 teneatur:
912 1709 1016 1761 tamen
1032 1695 1168 1760 alterum
1184 1697 1251 1759 sine
1262 1695 1363 1760 altero

409 1820 480 1863 essa
493 1820 556 1861 nou
573 1810 689 1885 potest,
704 1811 741 1863 ut
757 1797 805 1861 vel
822 1801 954 1863 materia
969 1797 1011 1861 sit
1025 1796 1181 1875 informis,
1198 1796 1246 1860 vel
1263 1797 1365 1861 forma

408 1900 476 1965 sine
498 1899 643 1985 subjecto
669 1896 708 1963 sit
736 1899 849 1984 majus.
894 1899 1040 1965 Alterius
1064 1902 1111 1963 sic
1135 1902 1239 1963 altero
1264 1902 1364 1983 poscit

409 2024 498 2087 opem
513 2023 576 2079 ras,
591 2010 624 2066 et
644 2006 795 2085 conjurat
816 1986 927 2067 amice.
972 2000 1070 2065 Unde
1090 2001 1132 2065 ab
1153 1999 1244 2065 initio
1259 2016 1365 2066 ereata

411 2119 627 2171 memorantur
656 2105 770 2171 coelum
800 2119 832 2174 et
866 2118 962 2184 terra,
992 2104 1108 2171 deinde
1136 2117 1268 2171 ornatus
1297 2119 1361 2171 tam

410 2228 532 2284 eorum,
544 2229 639 2293 quam
657 2206 782 2270 illorum
800 2228 874 2293 quaa
886 2206 1052 2292 interjecta
1066 2220 1140 2271 sunt
1152 2206 1267 2284 media,
1280 2208 1363 2273 inter

410 2310 515 2391 ignem
530 2320 560 2373 et
577 2330 704 2395 nquam,
719 2330 792 2395 quae
814 2308 905 2394 quasi
929 2307 1032 2394 prima
1053 2307 1207 2372 mundani
1221 2311 1363 2395 corporis

408 2408 615 2475 fundamenta
626 2409 703 2494 jacit
718 2413 826 2475 Deus:
858 2423 890 2476 et
906 2409 937 2474 iu
953 2413 1023 2497 ipsa
1038 2410 1239 2497 expressione
1253 2435 1360 2479 rerum

410 2510 518 2576 habita
532 2525 580 2577 est
595 2511 713 2577 mentio
728 2512 914 2598 specierum.
953 2516 1028 2579 Non
1044 2512 1169 2579 illarum
1185 2514 1267 2592 dico,
1281 2539 1362 2602 quas

410 2614 523 2699 Logici
538 2614 664 2700 lingunt
679 2637 741 2679 non
757 2615 912 2681 obnoxias
926 2615 1078 2680 creatori:
1103 2616 1159 2680 sed
1174 2617 1362 2697 formarum,

411 2714 443 2779 in
458 2718 576 2803 quibus
592 2738 643 2783 res
658 2717 843 2803 prodierunt
867 2722 971 2803 primo
983 2718 1015 2780 in
1030 2719 1197 2783 essentiam
1213 2741 1314 2798 suam,
1329 2736 1361 2787 et

410 2820 442 2883 in
465 2819 640 2885 humanum
666 2820 862 2884 intellectum
889 2820 1039 2883 demum:
1075 2842 1149 2883 nam
1173 2819 1232 2886 hoc
1256 2823 1362 2907 ipsum

410 2922 497 3007 quod
514 2921 632 3007 aliquid
649 2920 777 2998 coelum,
793 2934 849 2984 aut
865 2933 951 2984 terra
964 2919 1094 2999 dicitur,
1104 2920 1216 2985 formae
1230 2922 1362 2987 effectus

409 3035 468 3086 est.
515 3022 597 3085 Item
621 3018 787 3103 produxit,
802 3017 919 3104 inquit,
943 3031 1029 3082 terra
1051 3016 1180 3081 herbam
1197 3016 1360 3097 virentem,

409 3137 443 3188 et
463 3122 586 3207 liguum
610 3122 672 3185 tale
687 3118 735 3183 vel
759 3118 838 3183 tale:
873 3132 909 3183 ut
933 3118 1072 3183 nrateriae
1093 3119 1212 3183 formas
1233 3119 1361 3188 doceret

408 3247 477 3289 esse
498 3234 669 3303 concretas,
684 3234 716 3287 et
739 3225 858 3300 Deum,
880 3222 963 3287 sicut
986 3221 1105 3303 herbe,
1125 3222 1172 3288 ita
1192 3240 1225 3289 et
1247 3225 1361 3292 viroris

407 3338 583 3391 auctorem.
630 3328 713 3390 Nam
729 3325 796 3389 sine
810 3346 848 3388 eo
870 3324 1058 3390 factumest
1080 3324 1176 3389 nihil:
1208 3328 1263 3393 sed
1287 3351 1361 3416 pro*-

407 3425 492 3491 facto
514 3424 667 3513 quicquid
689 3426 732 3490 ab
754 3445 819 3489 uno
844 3424 1001 3511 principio
1022 3438 1080 3501 est,
1104 3448 1204 3491 unum
1227 3450 1361 3497 numero

408 3538 466 3610 est,
481 3528 653 3615 ipsumque
667 3527 798 3604 bonum,
814 3527 879 3591 imo
899 3539 931 3591 ει
948 3526 1039 3591 valde
1062 3528 1192 3604 bonum,
1209 3531 1360 3616 quoniam

408 3629 449 3695 ab
464 3630 586 3717 optimo
600 3642 657 3694 eat.
703 3628 810 3694 Voluit
825 3628 909 3693 euim
933 3628 1023 3692 Deus
1037 3643 1153 3694 cuncta
1174 3630 1289 3696 similia
1309 3635 1359 3700 sui

406 3730 500 3809 effici,
515 3744 612 3817 prout
631 3743 746 3796 natura
767 3732 935 3817 cujusque,
950 3750 991 3794 ax
1006 3729 1124 3795 divinae
1145 3730 1361 3817 dispositionis

408 3834 547 3913 decreto,
558 3855 659 3919 capax
674 3831 825 3897 bonitatis
836 3855 901 3897 esse
914 3843 1057 3919 poterat:
1078 3844 1109 3898 et
1123 3832 1166 3897 sic
1176 3833 1262 3900 sacta
1273 3852 1359 3918 suut,

410 3935 608 4021 approbante
633 3937 714 4011 Deo,
730 3932 843 4019 opifice
865 3956 983 4009 rerunt,
998 3948 1111 4000 cuncta
1132 3958 1206 4023 quoe
1227 3938 1359 4021 fecerat,

409 4036 503 4101 valde
524 4037 616 4101 bona.
662 4037 752 4121 Ergo
774 4038 800 4100 si
821 4058 938 4122 genera
960 4048 991 4101 et
1015 4037 1174 4123 speciesa
1201 4044 1271 4106 Deo
1296 4066 1360 4109 nou

408 4142 631 4220 sunt‚omnino
641 4136 718 4203 nihil
730 4150 814 4205 suut.
849 4137 943 4217 Quod
953 4138 977 4203 si
990 4140 1241 4227 unumquodque
1248 4166 1359 4211 eorum

407 4240 450 4305 ab
475 4242 546 4327 ipso
571 4254 629 4322 est,
652 4262 749 4305 unum
776 4240 880 4326 plane,
907 4252 940 4305 et
965 4240 1050 4305 idem
1076 4241 1194 4305 bonam
1221 4256 1278 4308 est.
1326 4248 1359 4309 Si

408 4355 514 4407 atatem
538 4340 618 4428 quid
639 4361 735 4407 uuum
760 4362 892 4405 numeru
907 4354 966 4420 est,
982 4340 1126 4427 protinus
1145 4354 1176 4403 et
1200 4340 1360 4427 singulare

409 4457 469 4509 cst.
514 4447 598 4513 Nam
621 4442 707 4527 quod
732 4442 863 4526 quidam
888 4464 985 4509 unum
1008 4440 1128 4524 aliquid
1152 4439 1276 4524 dicunt,
1296 4468 1359 4511 non
