3625 5317
404 830 474 877 cer.
490 812 562 891 xn]
760 824 1002 871 ucrsuoercus.
1291 812 1355 872 tot

404 980 461 1068 qui
483 979 653 1065 imaginem
679 976 750 1052 Dei,
765 977 844 1041 vitio
864 996 1058 1063 corruptum,
1078 976 1224 1063 diligenti
1246 975 1352 1042 studio

406 1081 521 1148 nititur
541 1080 724 1153 reformare,
748 1078 802 1163 qui
824 1078 992 1156 virtutum,
1016 1092 1085 1144 toto
1106 1081 1188 1155 uisu,
1210 1077 1298 1158 colit,
1319 1092 1353 1145 et

404 1197 531 1248 exercet
552 1183 666 1259 officia,
682 1182 854 1247 rectissime
875 1181 1128 1268 philosophetur.
1174 1182 1287 1248 Sobrin
1305 1196 1352 1249 est

406 1285 494 1350 illius
507 1284 718 1370 investigatio,
734 1285 791 1370 qui
813 1284 917 1370 primo
931 1285 1067 1372 seipsum
1084 1284 1215 1360 excutit,
1231 1296 1263 1351 et
1278 1308 1353 1372 quie

404 1387 555 1451 inferiore
570 1398 654 1464 sunt,
668 1382 838 1468 diligenter
858 1385 1031 1462 examinet,
1046 1397 1079 1449 et
1098 1384 1272 1471 coaequelie
1287 1384 1353 1450 sine

406 1488 601 1573 negligentia
619 1487 775 1563 intuetur,
790 1497 823 1549 et
844 1487 1008 1571 superiora
1026 1485 1261 1572 contempletur
1279 1509 1352 1553 cum

405 1588 617 1663 veneratione,
632 1599 668 1652 ut
678 1606 758 1651 susu
770 1587 937 1652 temerario
950 1586 982 1651 iu
998 1610 1045 1666 eu,
1055 1608 1130 1673 quoe
1138 1587 1354 1655 inscrutabilia

407 1704 493 1766 sunt,
509 1712 571 1755 non
587 1689 754 1775 irrumpet.
800 1688 864 1754 Hic
882 1689 993 1775 utique
1007 1689 1049 1754 de
1063 1712 1096 1753 se
1110 1711 1172 1753 non
1188 1689 1352 1774 superbiis

407 1792 525 1858 verium
538 1791 650 1856 mundi
662 1790 899 1877 supellectilem,
906 1791 967 1855 nisi
976 1803 1135 1877 quotenus
1144 1794 1353 1857 neceesarium

362 1952 364 1955 .
406 1914 465 1960 sut
476 1894 598 1958 licitum
611 1906 669 1969 est,
682 1890 810 1957 minime
819 1892 1028 1978 concupiscit:
1044 1892 1190 1979 proximo
1199 1891 1355 1978 impendit

407 1995 589 2059 caritatem:
612 1992 806 2067 coelestibue,
829 1991 886 2079 qui
907 1991 1011 2057 vultui
1034 1991 1097 2056 Dei
1119 2013 1242 2079 semper
1263 1994 1355 2058 assis-

407 2107 495 2172 tunt,
516 2093 733 2173 reverentiam,
747 2106 779 2159 et
800 2114 960 2158 umorem:
983 2106 1015 2158 et
1037 2093 1192 2160 bonorum
1212 2092 1354 2159 omnium

409 2196 541 2279 gretiam
568 2208 599 2259 et
626 2194 749 2259 leudem
778 2194 876 2259 refert
904 2194 1023 2260 divinoe
1049 2194 1223 2280 majestati:
1258 2216 1353 2282 qunm

407 2296 520 2383 utique
535 2318 592 2359 nec
614 2296 706 2382 plene
725 2317 815 2360 nosse
835 2292 991 2382 p'ermittit
1010 2294 1206 2361 immensitas
1220 2297 1288 2370 sui;
1312 2309 1356 2379 et,

408 2400 434 2463 si
463 2420 521 2463 nos
546 2420 609 2462 non
634 2398 850 2463 laboraremus
873 2398 1057 2465 infirmitate
1079 2422 1145 2485 qun
1169 2400 1357 2484 premimur,

408 2522 466 2565 neo
496 2498 586 2587 plene
614 2500 760 2587 ignorare
789 2500 896 2566 sinunt
925 2517 1098 2568 creeturae:
1133 2525 1206 2588 quis
1235 2524 1355 2579 omnes,

408 2601 498 2689 quasi
516 2602 651 2689 quedem
674 2603 803 2689 publice
824 2603 1037 2679 attestatione,
1051 2608 1201 2669 creatoris
1221 2604 1355 2689 glorium

409 2718 641 2790 proeoonsutur.
687 2704 772 2771 Hine
794 2719 842 2770 est
862 2705 943 2770 illud
967 2706 1145 2770 Salomonis
1165 2706 1199 2769 in
1223 2707 1357 2771 Prover-

408 2804 483 2873 biis:
504 2808 582 2873 Non
597 2810 704 2889 erigus
720 2808 825 2871 oculos
838 2812 911 2869 tuos
925 2806 969 2868 ud
981 2826 1055 2888 opes
1068 2826 1150 2887 quoe
1160 2807 1277 2871 trabere
1289 2828 1358 2871 non

408 2915 506 2991 polee,
522 2908 597 2993 quie
612 2906 728 2973 sacient
739 2906 799 2971 sibi
814 2926 934 2989 pennen
949 2917 986 2970 ut
1000 2903 1128 2989 equile,
1140 2916 1173 2970 et
1184 2904 1357 2972 avolabunt

408 3008 441 3074 in
466 3008 593 3075 coelum.
638 3008 687 3072 Ut
709 3018 815 3071 autem
840 3005 884 3069 sit
913 3006 1130 3090 Augustinus,
1153 3006 1185 3069 in
1211 3004 1294 3070 libro
1316 3006 1357 3072 de

408 3110 532 3187 ordine,
553 3110 647 3175 Deus
667 3111 782 3173 melius
801 3108 969 3173 nesciendo
988 3109 1111 3172 emtur:
1133 3129 1229 3195 quem
1245 3106 1271 3171 si
1287 3108 1357 3194 quis

408 3214 539 3300 ignarus
561 3226 758 3291 naturarum,
779 3224 812 3276 et
833 3232 970 3293 morum,
989 3210 1213 3298 rationumque
1234 3211 1358 3299 cupidi·

409 3330 552 3382 tutumve
575 3338 696 3393 servus,
720 3326 752 3381 et
778 3317 873 3381 rebus
893 3317 1105 3399 pereuntibus
1127 3319 1272 3394 iulium,
1297 3325 1359 3382 out

399 3420 492 3502 sorte
512 3426 599 3483 caste
618 3420 737 3496 viem,
756 3424 788 3483 et
808 3419 1056 3500 disciplinarum
1076 3422 1214 3496 namur,
1233 3420 1360 3500 ingenii

408 3521 529 3585 uiribus
550 3520 735 3603 querendo,
761 3526 792 3584 et
814 3520 1023 3601 disputando,
1047 3522 1193 3583 iuvenire
1217 3521 1358 3603 confidit,

406 3624 616 3707 proculdubio
639 3629 768 3687 tuntum
794 3622 924 3702 errabit,
947 3628 1108 3703 otrentum
1129 3624 1234 3685 muri
1253 3622 1359 3703 pluri·

411 3746 498 3789 mum
519 3732 630 3808 potest.
679 3723 766 3789 Alibi
788 3744 937 3809 quoque:
968 3722 1167 3804 Ignorantia
1190 3723 1266 3799 Dei,
1291 3723 1360 3803 ejus

410 3827 573 3891 serissime
586 3828 750 3909 supientia
769 3832 835 3889 eet:
857 3837 889 3889 et
911 3822 1003 3887 item:
1027 3824 1107 3889 Non
1121 3828 1167 3888 eet
1185 3845 1288 3907 parvo
1301 3824 1360 3887 rei·

410 3930 500 3993 sntio
515 3929 555 3993 ds
569 3928 639 3993 Deo
652 3930 743 4004 scire,
754 3926 835 4008 quid
846 3946 915 3991 neo
928 3928 974 3990 eit
987 3926 1099 3991 Deru.-
1119 3928 1199 4005 quie
1213 3923 1291 4010 quid
1307 3922 1360 4003 sit,

413 4031 541 4095 omniuo
555 4022 626 4093 seiri
642 4048 703 4093 non
719 4037 834 4111 potest.
