3625 5317
509 760 570 816 Qtt
768 768 904 815 sciurus
921 768 1200 815 smnsnmusnsrs

508 920 639 987 Proficit
652 944 729 1007 ergo
743 920 850 985 minus
865 923 913 985 uti
930 942 1074 984 sermone
1089 920 1217 997 Latino,

596 1022 699 1098 Quam
716 1020 741 1085 si
756 1020 927 1105 contigerit
942 1021 1041 1085 verbu
1055 1019 1195 1084 rotundo
1209 1020 1314 1105 loqui;

509 1121 697 1185 Sudandum
712 1120 805 1185 nimis
820 1132 879 1195 est,
896 1136 934 1185 ut
948 1121 1060 1207 lingua
1075 1120 1192 1184 Latina
1206 1121 1333 1199 sciatur,

597 1223 732 1309 Absque
746 1222 855 1288 labore
872 1220 931 1286 tibi
946 1243 1050 1285 sermo
1065 1221 1225 1285 rotundus
1239 1224 1309 1286 erit.
1399 1228 1456 1285 160

510 1326 668 1389 insistunt
683 1323 808 1398 studiis,
824 1323 903 1387 artis
919 1322 1070 1405 suffragia
1084 1336 1248 1407 querunt,

595 1427 737 1503 Quorum
754 1423 905 1489 subsidiis
921 1424 1032 1511 lingua
1048 1442 1181 1488 venusta
1195 1425 1307 1511 placet

508 1526 569 1591 Est
584 1527 685 1613 igitur
700 1525 800 1589 satius
814 1525 942 1607 linguas
955 1524 1163 1599 confundere,
1179 1547 1277 1610 quom
1293 1526 1338 1589 sic

595 1627 763 1713 Temporis
778 1638 876 1711 utque
892 1626 936 1689 rei
951 1625 1069 1690 domna
1083 1626 1191 1690 subire
1205 1627 1310 1692 simul.

511 1735 591 1797 Hoec
606 1728 663 1805 illi,
679 1728 733 1792 sed
749 1740 785 1792 tu
801 1750 875 1813 quae
890 1728 954 1791 siut
968 1732 1124 1792 elementa
1138 1727 1256 1791 sciendi
1401 1734 1456 1791 165

596 1834 641 1897 Et
656 1830 889 1908 benedicendi,
904 1830 965 1895 sub
980 1832 1136 1894 brevitate
1151 1832 1243 1894 refer.

747 1936 831 2008 Qnae
845 1936 1012 2016 conferant
1025 1936 1230 2020 rapientium.

511 2036 636 2123 Ingenii
652 2048 767 2099 natura
783 2046 895 2119 potens
908 2033 972 2097 cito
986 2032 1127 2119 possidet
1142 2056 1252 2097 omnes

598 2136 705 2213 Artes,
721 2133 746 2197 si
762 2134 859 2199 fuerit
874 2134 936 2198 ista
951 2132 1079 2219 sequela
1094 2156 1213 2197 comes:

508 2236 650 2301 Auditus
665 2236 765 2310 verbi,
783 2235 937 2300 librorum
953 2234 1058 2314 lectio,
1072 2233 1182 2299 sollers

596 2339 693 2413 Cura,
708 2336 800 2422 quies
816 2335 932 2400 studiis
947 2349 1035 2421 apto,
1049 2336 1154 2401 fidelis
1169 2359 1257 2401 amor
1400 2343 1456 2400 170

830 2440 915 2513 Quo
928 2441 1148 2521 eloquentiam.

509 2542 610 2627 Optat
626 2538 657 2603 in
673 2538 801 2624 eloquio
816 2539 842 2603 si
858 2539 931 2625 quis
945 2544 1119 2626 praeclnrus
1133 2539 1256 2614 haberi,

598 2642 826 2707 indubitanter
841 2642 880 2718 ei,
896 2642 983 2727 quod
1000 2642 1102 2728 cupit,
1116 2643 1179 2706 ists
1192 2641 1331 2707 dabunt:

511 2748 679 2835 Ingenium
697 2745 831 2832 pollens,
846 2747 994 2811 memoris
1008 2768 1139 2831 quoque
1154 2745 1291 2831 pectoris
1305 2766 1393 2824 usus,

595 2852 683 2916 Artis
696 2870 783 2935 opes,
800 2850 886 2913 vocis
900 2870 1031 2931 organa,
1046 2868 1149 2911 sermo
1163 2846 1321 2932 frequens.

743 2952 795 3015 De
810 2952 976 3016 Mercurio
990 2958 1022 3014 et
1036 2951 1229 3031 Pnuuogra.

510 3055 544 3121 Si
560 3054 633 3141 quis
647 3054 688 3117 ab
703 3054 753 3119 his
769 3053 871 3119 titulis
886 3065 919 3118 et
933 3066 1061 3138 pectore
1075 3050 1175 3136 pollet
1190 3062 1223 3115 et
1236 3073 1302 3126 ore,
1402 3057 1459 3116 175

596 3154 792 3219 Mercurium
804 3154 916 3239 jungit
930 3152 1113 3236 Philologin
1128 3152 1199 3217 tibi.

510 3260 579 3321 Nec
594 3266 718 3318 movent
735 3256 871 3317 Maurus
887 3275 1007 3339 ponens
1022 3256 1213 3336 Pttlougta,
1228 3276 1320 3318 versu

449 3358 454 3367 ’
596 3352 732 3419 Ponitur
747 3354 907 3417 interdum
924 3356 1049 3440 syllaba
1062 3355 1158 3440 longo
1173 3356 1290 3431 brevis,

511 3459 556 3522 Et
571 3454 677 3521 brevis
692 3454 852 3521 interdum
869 3458 1061 3542 producitur
1074 3472 1153 3533 orte,
1169 3458 1225 3524 sed
1240 3458 1325 3523 idem

515 3610 521 3631 .
601 3562 639 3624 ln
656 3580 797 3624 sermone
815 3571 919 3623 tamen
936 3582 1046 3624 sensus
1060 3560 1213 3646 utrinque
1228 3573 1345 3625 munet.
1403 3562 1462 3623 180

511 3666 557 3728 Et
573 3684 671 3749 quum
688 3660 728 3725 de
741 3684 837 3726 sensu
852 3675 986 3738 constet,
1000 3661 1165 3747 pueriliter
1179 3675 1275 3741 errat,

598 3764 660 3829 Cui
678 3763 803 3847 longam
820 3763 905 3827 litem
922 3763 993 3827 luno
1007 3762 1138 3849 caprina
1151 3764 1240 3827 facit.

512 3864 716 3929 Alterutrum
732 3863 782 3927 rel
798 3876 972 3949 utrumque
986 3862 1060 3927 licet
1075 3865 1228 3946 proferre,
1244 3862 1301 3928 sed
1314 3862 1410 3940 insta,

596 3968 645 4031 Ut
661 3966 701 4032 sit
719 3964 883 4031 Mercurio
900 3963 1078 4049 Philologia
1092 3988 1208 4045 eomes,

510 4071 583 4133 Non
600 4070 675 4155 quia
691 4068 876 4140 numinibus
891 4066 978 4131 falsis
992 4066 1169 4131 reverentia
1184 4066 1291 4142 detur,
1404 4068 1462 4130 185

598 4169 660 4233 Sed
677 4168 737 4236 sub
754 4168 922 4231 verborum
940 4167 1077 4253 tegmine
1093 4190 1166 4231 vera
1182 4166 1291 4233 latent.

510 4276 594 4337 Vera
608 4274 709 4334 latent
726 4288 830 4331 rerum
848 4266 1007 4331 variarum
1024 4281 1110 4333 tecta
1123 4268 1248 4353 figuris,
1394 4254 1402 4263 ⁴

598 4372 680 4436 Nam
698 4391 784 4433 sacra
800 4368 923 4454 vulgari
940 4368 1069 4454 publica
1079 4373 1157 4456 jura
1171 4381 1290 4437 vetunt.
