3625 5317
384 748 473 797 sacr.
486 732 546 811 v1.]
702 750 743 793 nn
761 748 891 817 suerint
909 752 1076 799 serranus.
1281 745 1344 803 tut

403 1058 484 1121 Sect.
502 1063 534 1121 6.
557 1056 659 1122 Scuta
673 1062 805 1139 septena
823 1059 991 1144 dereptam
1003 1060 1176 1143 peanitas
1189 1068 1324 1125 mntem

774 1161 940 1241 plulionir.

424 1297 535 1360 Snxra
553 1305 684 1379 septena
694 1292 736 1356 de
751 1307 871 1378 septem
884 1294 1053 1379 generibus
1064 1298 1339 1384 contemplationis

379 1396 534 1483 sequitur,
547 1395 579 1459 iu
595 1394 713 1481 quibus
723 1396 829 1460 anima
840 1396 1039 1482 requiescens
1048 1398 1215 1484 jucundus
1225 1401 1336 1466 immo-

379 1511 478 1563 ratur.
510 1499 637 1583 Septem
649 1508 722 1561 sunt
734 1496 1011 1583 contemplationis
1020 1520 1150 1583 genera,
1161 1500 1336 1583 meditatio,

378 1600 597 1687 soliloquium,
605 1598 859 1686 circumspectio,
871 1600 1023 1677 ascensio,
1031 1600 1192 1679 revelatio,
1198 1604 1336 1682 emissio,

380 1703 558 1790 inspiratio.
589 1699 763 1766 Meditatio
772 1712 821 1769 est
829 1703 862 1767 in
874 1701 1337 1790 consiliosrequenscogitatio,

379 1829 455 1893 quaa
475 1826 601 1868 causam
618 1818 650 1869 et
665 1803 830 1889 originem,
845 1803 975 1870 modum
994 1817 1027 1870 et
1042 1804 1212 1870 utilitatem
1230 1805 1338 1871 unius·

356 1966 358 1971 ,
379 1907 538 1993 cujusque
553 1903 598 1969 rei
614 1904 789 1991 prudenter
811 1906 993 1990 investigat.
1039 1904 1210 1971 Meditatio
1225 1907 1339 1995 princi-

381 2007 469 2093 pium
490 2006 589 2071 sumit
610 2006 786 2071 alectionis
808 2008 1023 2082 scrutationer
1052 2007 1148 2072 nullis
1170 2008 1338 2094 stringitur

380 2108 501 2197 regulis
515 2112 565 2173 vel
581 2109 749 2195 praeceptis
764 2107 926 2183 lectionis;
955 2108 1134 2174 delectatur
1153 2109 1236 2175 enim
1259 2133 1338 2196 quo-

380 2209 456 2275 dam
489 2223 601 2297 aperto
636 2210 738 2296 spatio
773 2208 952 2287 decurrere,
978 2210 1032 2275 ubi
1068 2208 1199 2277 liberam
1230 2212 1338 2298 affigat

379 2312 533 2378 rationem
558 2312 702 2377 veritatis
721 2312 985 2400 contemplandae,
1008 2325 1041 2379 et
1066 2335 1152 2379 nunc
1175 2314 1233 2379 lias
1254 2337 1339 2379 nunc

380 2413 454 2480 illas
469 2436 574 2479 rerum
590 2435 701 2479 causas
716 2414 940 2501 perstringere,
956 2437 1041 2479 nune
1055 2429 1161 2481 autem
1178 2416 1339 2503 profunda

381 2538 521 2603 quaeque
536 2530 712 2603 penetrare,
728 2516 806 2581 nihil
822 2538 949 2603 anceps,
965 2516 1043 2581 nihil
1058 2516 1228 2583 obscurum
1244 2519 1338 2585 relin-

382 2642 491 2706 quere.
536 2617 732 2702 Principium
759 2641 835 2703 ergo
859 2618 1014 2684 doctrinar
1040 2619 1073 2683 in
1098 2619 1241 2700 lectione,
1266 2643 1339 2685 con-

384 2719 553 2785 summatio
582 2720 614 2785 in
644 2720 787 2784 lectionis
816 2718 1022 2795 scrutatione,
1052 2720 1277 2806 contemplatio
1305 2724 1337 2785 in

384 2820 586 2887 scrutationis
616 2820 830 2886 meditatione.
880 2819 1073 2885 Trimodum
1103 2843 1178 2884 vero
1206 2820 1339 2885 medita-

383 2924 478 2991 tionis
488 2936 535 2989 est
547 2945 663 3009 genum
689 2944 788 2987 unum
801 2934 924 2987 constat
933 2921 965 2986 in
975 2922 1190 3009 speculatione
1200 2944 1337 3001 morum,

384 3025 472 3091 aliud
487 3024 519 3090 in
543 3022 736 3089 scrutatione
756 3022 991 3107 mandatorum,
1007 3023 1137 3088 tertium
1157 3023 1190 3089 in
1210 3024 1338 3090 inuesti-

383 3128 510 3213 gatione
525 3126 707 3192 divinorum
723 3148 877 3211 operumr
904 3138 937 3191 et
952 3126 998 3191 ita
1012 3126 1049 3192 lit
1066 3124 1339 3213 contemplationis

384 3228 560 3295 exordium.
600 3230 707 3306 Quum
725 3227 807 3291 enim
824 3226 983 3291 animosa
996 3226 1224 3315 scripturarum
1239 3229 1338 3295 medi-

384 3330 503 3397 tatione
518 3329 550 3395 in
568 3333 754 3408 orationem,
770 3330 812 3395 ab
831 3330 973 3395 oratione
992 3330 1025 3395 in
1043 3330 1209 3395 lectionem
1232 3331 1337 3417 digre-

384 3431 485 3509 ditur,
500 3430 656 3495 miseriam
679 3431 899 3518 praesentium,
914 3453 1040 3517 poenam
1063 3430 1285 3529 damnatorum
1304 3447 1336 3497 et

316 3614 320 3621 ‚
384 3532 516 3619 praemis
532 3534 695 3621 justorum
722 3556 793 3597 vere
819 3533 1063 3618 contemplatur.
1108 3533 1233 3597 Deinde
1255 3555 1338 3620 prae·

384 3637 520 3701 miorum
535 3658 642 3701 amore
664 3648 785 3701 tractus
800 3654 832 3701 et
847 3656 1012 3720 poeuarum
1030 3633 1140 3699 timore
1155 3647 1269 3713 tactus,
1283 3635 1339 3699 de-

384 3736 506 3803 scendit
520 3736 563 3803 atl
578 3760 707 3801 sucrum
730 3736 913 3801 memoriam
928 3735 1129 3799 delictorum.
1173 3736 1236 3814 Qui
1258 3737 1337 3803 dum

383 3839 511 3927 culpam
535 3839 696 3926 propriam
718 3837 1018 3923 cognominatim
1037 3836 1189 3921 ignomin
1213 3852 1246 3904 et
1265 3838 1338 3904 ideo

385 3956 457 4029 poet
470 3942 651 4007 memoriam
663 3941 851 4007 delictorum
864 3939 1025 4005 descendit
1038 3938 1079 4003 ad
1091 3940 1337 4026 compassionem

385 4044 617 4131 proximorum.
662 4046 701 4107 In
732 4041 939 4105 meditatione
965 4040 1194 4126 scripturarum
1221 4042 1338 4125 saepius

385 4144 578 4221 laboramus,
590 4144 738 4209 timentes
747 4164 786 4206 ne
796 4143 1130 4228 praemiumjustorum
1140 4138 1338 4217 amittamus;

384 4245 416 4308 in
442 4243 593 4309 memoria
613 4243 802 4309 delictorum
828 4244 998 4329 gemimus,
1020 4263 1060 4306 ne
1082 4262 1155 4306 eum
1181 4240 1339 4307 damnatis

385 4344 502 4420 simum
531 4346 562 4410 in
579 4344 795 4431 compassione
815 4341 1046 4429 proximorum,
1063 4353 1099 4404 ut
1114 4339 1233 4403 bouum
1255 4363 1338 4427 opus
