3625 5317
468 776 510 836 66
734 786 871 833 rasurus
886 784 1166 833 saansaanrsssrs
1286 770 1370 845 [mn.
1387 786 1425 833 ιι.

469 943 607 1017 aemio,
614 960 671 1003 nec
681 936 998 1026 sterilem,reputavit
1008 936 1253 1023 antiquitas,sed
1262 934 1423 1022 egregiam

469 1044 539 1129 ejus
554 1039 704 1120 sobolem,
718 1037 813 1105 castis
830 1040 984 1105 Mercurii
999 1037 1112 1123 junxit
1127 1037 1345 1123 amplexibus:
1373 1051 1424 1103 est

471 1141 553 1210 enirn
572 1165 660 1207 soror
676 1141 817 1207 veritatis
831 1142 1016 1229 prudentia,
1029 1153 1062 1206 et
1077 1162 1215 1205 amorem
1233 1140 1375 1215 rationis,
1390 1150 1424 1203 et

471 1245 619 1321 scientim
635 1265 693 1331 per
708 1244 921 1331 eloquentiam
937 1241 1116 1317 foecundat,
1130 1254 1162 1307 et
1177 1242 1329 1307 illustrat.
1374 1240 1424 1304 Si-

471 1347 601 1435 quidem
622 1346 683 1410 hoc
697 1360 745 1411 est
765 1345 970 1431 philologiam
992 1343 1156 1411 Mercurio
1170 1341 1331 1431 copulari:
1363 1363 1424 1427 pro

469 1472 507 1515 eo
522 1470 660 1534 namque
683 1447 805 1533 Logica
826 1446 913 1512 dicta
932 1459 990 1521 est,
1007 1445 1095 1532 quod
1118 1444 1293 1522 rationalis,
1308 1443 1341 1508 id
1362 1456 1424 1521 est,

471 1553 632 1619 rationum
655 1549 882 1615 ministratoria
902 1562 936 1615 et
958 1547 1169 1613 examinatrix
1192 1560 1250 1612 est.
1301 1542 1424 1610 Divisit

469 1677 538 1720 eam
562 1652 657 1719 Plato
678 1653 711 1717 iu
734 1650 941 1726 dialecticam,
963 1663 995 1714 et
1025 1648 1247 1713 Rhetoricam:
1282 1646 1337 1711 sed
1363 1646 1421 1733 qui

470 1753 639 1821 efficaciam
660 1755 731 1842 ejus
749 1752 845 1819 altius
867 1752 1057 1832 metiuntur,
1071 1750 1099 1815 ei
1114 1750 1210 1835 plura
1229 1749 1422 1815 attribuunt.

471 1856 637 1946 Siquidem
660 1858 689 1921 ei
710 1856 971 1929 demonstrativa,
992 1851 1176 1939 probabilis,
1197 1868 1229 1915 et
1247 1850 1424 1938 sophistica

470 1959 698 2046 subjiciuntur,
708 1955 858 2022 videlieet
869 1954 1120 2019 demonstrativa
1133 1977 1153 2017 a
1168 1951 1423 2040 disciplinalibus

469 2060 557 2146 viget
567 2058 781 2147 principiis,et
790 2056 829 2121 ad
840 2078 951 2121 eorum
959 2057 1191 2143 consequutiva
1200 2054 1420 2142 progreditur:

469 2164 655 2229 necessitate
669 2159 790 2246 gaudet
799 2182 808 2235 ;
835 2170 866 2223 et
882 2156 962 2245 quid
978 2158 1030 2223 cui
1051 2160 1211 2240 videatur,
1223 2158 1302 2223 dum
1317 2172 1423 2225 tamen

468 2265 516 2329 ita
537 2286 604 2328 esse
625 2274 782 2348 oportent,
803 2284 865 2326 nou
888 2260 1025 2326 multum
1047 2260 1195 2328 attendit.
1238 2264 1342 2327 Decet
1361 2261 1423 2325 hoc

468 2363 723 2450 Philosophicam
739 2376 823 2429 recte
838 2362 1020 2429 docentium
1038 2366 1247 2451 majestatem,
1262 2386 1337 2450 qnae
1352 2386 1423 2444 suo,

468 2464 549 2529 citra
567 2460 752 2528 auditorum
772 2486 947 2544 assensum,
964 2465 1135 2531 roboratur
1155 2464 1298 2530 arbitrio.
1344 2465 1423 2528 Pro-

467 2562 583 2631 babilis
597 2577 704 2627 autem
719 2572 863 2629 vomatur
876 2564 909 2627 iu
926 2564 986 2645 his,
1001 2586 1076 2650 quae
1096 2564 1249 2629 videntur
1262 2564 1423 2646 omuibus,

469 2679 526 2731 aut
549 2664 708 2753 pluribus,
728 2677 786 2730 aut
809 2664 1024 2750 sapientibus:
1055 2680 1087 2731 et
1109 2666 1170 2742 hia,
1189 2666 1239 2731 rel
1261 2668 1422 2747 omuibus,

468 2768 518 2833 rel
542 2767 701 2854 pluribus,
722 2767 771 2833 vel
792 2768 930 2832 maxime
950 2768 1046 2845 nutis,
1061 2780 1094 2833 et
1112 2768 1345 2856 probabilibus,
1363 2782 1422 2835 aut

465 2870 675 2937 consecutivis
691 2892 823 2947 eorum.
869 2870 952 2935 Haec
981 2870 1112 2958 quidem
1140 2870 1361 2951 Dialecticam,
1387 2887 1422 2938 et

466 2974 683 3051 Rhetoriaam,
699 2975 860 3039 continet:
883 2975 1034 3058 quoniam
1046 2974 1243 3054 dialecticus,
1253 2986 1286 3039 et
1300 2987 1421 3054 orator,

467 3074 658 3162 persuadere
671 3072 820 3149 nitentes:
843 3073 923 3139 alter
934 3072 1127 3155 adversario,
1139 3074 1220 3140 alter
1229 3074 1345 3162 judici,
1358 3096 1422 3141 non

467 3173 605 3239 multum
622 3172 739 3237 referre
759 3173 968 3253 arbitrantur,
983 3195 1067 3247 vera,
1083 3196 1124 3237 an
1144 3174 1226 3239 t'alsa
1240 3175 1304 3239 sint
1324 3197 1421 3262 argu·

467 3284 576 3337 menta
595 3292 717 3345 eorum,
738 3269 916 3335 dummodo
935 3271 1000 3335 veri
1022 3271 1259 3339 similitudinem
1282 3289 1421 3343 teneant.

466 3375 515 3437 At
530 3369 712 3459 sophistica,
722 3393 797 3457 quse
808 3391 975 3457 apparens,
986 3383 1018 3437 et
1030 3394 1093 3437 non
1103 3373 1253 3439 assistens
1264 3378 1423 3465 sapientia

465 3486 525 3550 est,
537 3469 784 3563 probabilitatis,
799 3484 856 3537 aut
872 3472 1078 3553 necessitatis,
1089 3475 1217 3545 affectat
1232 3477 1419 3565 imaginem:

465 3599 579 3663 parum
595 3598 711 3641 curans
726 3573 806 3662 quid
822 3574 862 3641 sit
876 3576 937 3641 hoc
947 3586 1005 3643 aut
1018 3574 1113 3657 illud,
1122 3579 1200 3645 dum
1213 3581 1421 3668 phantasticis

465 3676 659 3765 imaginibus
673 3691 705 3745 et
728 3678 817 3745 velut
832 3679 956 3745 umbris
975 3680 1153 3760 fallacibus,
1168 3681 1310 3750 involvat
1332 3707 1419 3764 eum,

464 3800 535 3844 cum
567 3802 634 3866 quo
662 3800 766 3845 sermo
793 3778 979 3846 conseritur.
1025 3781 1184 3861 Proiecto,
1210 3804 1321 3869 quam,
1351 3807 1420 3872 pras

464 3882 598 3958 caeteris,
614 3903 723 3946 omnes
737 3881 895 3960 ambiunt,
911 3883 967 3947 sed
982 3882 1087 3969 pauci,
1102 3906 1172 3949 meo
1186 3884 1320 3972 judicio,
1336 3908 1419 3953 asse·

463 3996 621 4071 quuntur,
635 3982 810 4051 Dialectica
823 3998 883 4067 est,
894 4008 970 4072 quae
983 4008 1040 4051 uec
1050 3984 1091 4050 ad
1104 3986 1286 4052 docentium
1297 3990 1420 4076 aspirat

461 4086 667 4172 gravitatem,
682 4109 739 4159 nec
755 4086 850 4153 nudis
869 4088 1018 4153 civilibus
1033 4088 1199 4175 mergitur,
1216 4112 1272 4153 nec
1294 4088 1420 4156 seducit

460 4187 606 4269 fallaciis,
618 4188 673 4253 sed
689 4201 836 4276 prompta
851 4204 883 4254 et
900 4188 1049 4255 mediocri
1065 4190 1289 4276 probabilitate
1304 4215 1418 4259 verum

463 4291 632 4357 examinat.
