3625 5317
479 777 538 838 1⁰4
732 791 868 836 torturus
883 789 1164 835 ssnssnsrtruusts
1294 772 1377 852 [ms.
1394 790 1431 835 u.

479 942 569 1029 pium
591 953 684 1019 est,s
710 964 776 1028 qno
799 941 954 1028 quicquid
972 963 1047 1005 vero
1068 940 1195 1005 nomine
1209 953 1357 1005 oensetur
1376 940 1435 1005 uli·

477 1042 567 1130 quid.
612 1043 661 1108 Ut·
687 1044 773 1107 enim
799 1045 843 1109 nit
873 1044 1090 1130 Augustinus,
1115 1043 1285 1107 formatam
1312 1042 1431 1107 creavit

481 1146 572 1209 Deus
597 1145 775 1211 materiam:
808 1145 980 1232 siquidem,
1003 1144 1063 1210 etsi
1088 1143 1207 1209 alicubi
1232 1144 1361 1209 dicetur
1383 1148 1434 1208 irr-

469 1251 600 1334 formt's‚
616 1268 779 1334 nunquam
795 1248 924 1312 omnino
938 1247 1046 1313 extitit
1061 1248 1129 1312 sine
1143 1245 1262 1311 formis.
1295 1247 1433 1311 Investi-

481 1348 601 1435 gntioni
616 1370 692 1433 ergo
709 1348 800 1425 ratio,
817 1370 878 1412 non
894 1348 981 1413 actui
997 1348 1105 1426 servit,
1117 1370 1256 1434 quonum
1272 1344 1350 1427 ὅλην,
1361 1370 1435 1432 quae

482 1447 625 1512 informis
636 1470 693 1511 nee
704 1459 763 1529 est,
775 1470 831 1511 nec
842 1469 920 1526 esse,
932 1446 987 1511 sed
1000 1469 1057 1511 neo
1068 1444 1161 1533 plene
1172 1446 1308 1531 intelligi
1320 1457 1436 1532 potest,

483 1549 631 1615 deductis
651 1548 889 1636 quodammodo
910 1550 1085 1614 formarum
1110 1548 1245 1625 exuviis,
1269 1570 1371 1633 usque
1393 1546 1434 1611 nd

485 1651 644 1739 quendum
668 1650 845 1717 nuditatem
869 1653 931 1728 sui,
953 1650 1183 1736 propriumque
1204 1647 1366 1713 defectum
1388 1646 1435 1711 in·

485 1754 631 1821 tellectus
649 1757 864 1841 prosequitur.
910 1751 1004 1817 Vires
1023 1751 1106 1816 enim
1129 1752 1261 1816 rationis
1282 1749 1436 1837 quodem-

484 1856 580 1921 modo
603 1856 685 1921 ciros
712 1878 816 1920 rerum
844 1853 998 1940 principis
1024 1866 1227 1917 evanescunt.
1274 1851 1354 1916 Inde
1377 1866 1436 1927 est,

486 1958 572 2045 quod
596 1958 762 2037 Boethius
778 1956 808 2019 in
833 1955 917 2020 libro
940 1969 1051 2020 contra
1071 1955 1255 2020 Nestorium
1278 1970 1311 2019 et
1332 1955 1438 2040 Euty·

485 2061 587 2137 chem,
604 2071 751 2123 naturam
767 2058 930 2130 definiens,
947 2058 992 2122 eit
1007 2055 1094 2121 illam
1113 2080 1181 2121 esse
1196 2078 1304 2120 eurum
1320 2079 1438 2131 rerum,

486 2183 560 2246 quae
572 2180 671 2245 quum
689 2158 762 2237 siut,
773 2181 904 2245 quoquo
919 2158 1015 2222 modo
1029 2157 1192 2222 intellectu
1207 2158 1278 2244 cepi
1294 2171 1437 2244 possunt.

487 2264 662 2349 Exponens
683 2278 789 2325 sutem
812 2260 876 2323 vim
897 2260 1101 2337 delinitionis,
1122 2282 1247 2344 quoquo
1266 2264 1367 2339 modo,
1382 2264 1438 2325 hoo

486 2366 629 2442 uerbum,
644 2376 773 2449 propter
788 2366 893 2428 Deum
909 2377 941 2427 et
958 2363 1123 2428 materiam
1138 2363 1216 2428 dicit
1232 2363 1434 2450 appositum:

488 2466 567 2555 quis
586 2468 617 2531 in
634 2488 743 2531 eorum
763 2465 917 2530 scrutinio
938 2466 1098 2531 humanus
1119 2466 1228 2531 delicit
1250 2465 1439 2531 intellectus.

488 2572 588 2635 Porro
599 2567 762 2633 materiem
777 2572 866 2633 Deus
880 2568 957 2632 fecit
968 2588 1008 2631 ex
1021 2567 1140 2641 nihilo;
1164 2567 1288 2653 ipsique
1299 2568 1440 2632 materite

487 2683 631 2734 concretu
658 2684 705 2735 est
727 2670 841 2747 forma,
865 2693 903 2733 eo
928 2669 1016 2755 quod
1041 2669 1135 2733 simul
1158 2692 1249 2756 aeque
1271 2669 1311 2734 de
1337 2668 1439 2733 nihilo

487 2786 610 2838 oreste:
643 2773 687 2839 ita
714 2787 830 2849 tamen,
856 2785 891 2836 ut
918 2774 1001 2838 sicut
1024 2775 1225 2837 discretionis
1247 2772 1370 2847 formoe,
1394 2772 1439 2837 iu

486 2876 687 2963 privilegium
704 2876 859 2942 existendi
876 2875 1016 2940 materiae
1031 2875 1241 2961 relinquetur.
1288 2873 1437 2949 Quodam

487 2978 569 3043 enim
581 2978 688 3060 modo,
697 3001 754 3065 per
763 2976 925 3045 materiam
936 2976 1045 3043 existit
1055 2978 1172 3041 forms:
1196 2976 1438 3043 sicutdiscerni-

489 3093 544 3146 tur
556 3082 687 3146 muteris
696 3081 776 3168 ipss,
787 3104 843 3169 per
855 3080 1001 3144 sormam.
1033 3082 1115 3144 Num
1128 3101 1186 3143 nec
1196 3079 1309 3155 formu,
1322 3102 1372 3144 res
1383 3102 1440 3164 per

488 3205 521 3247 se
536 3182 674 3246 existens
689 3195 747 3261 est,
762 3206 820 3247 nec
839 3181 972 3246 materis
986 3180 1053 3245 sine
1072 3181 1183 3245 sormae
1199 3181 1362 3259 beneficio,
1377 3181 1440 3246 dis·

489 3296 641 3347 cretnest.
673 3281 1441 3369 Chaoserit,autpotiusmundussensihilisnihil

490 3384 560 3459 erit,
577 3383 635 3448 nisi
652 3404 758 3448 rerum
781 3383 911 3470 effigies,
925 3384 1035 3449 formis
1054 3384 1208 3450 adhibitis
1223 3399 1339 3450 nutura
1355 3406 1440 3449 oom-

489 3497 597 3573 ponst.
629 3484 678 3549 En
689 3498 810 3571 spectet
822 3484 902 3549 illud
916 3486 1044 3551 Boethii
1056 3486 1088 3549 in
1101 3486 1205 3572 primo
1213 3486 1253 3551 de
1264 3484 1438 3551 Trinitate:

488 3609 580 3652 omne
594 3609 669 3662 esse,
681 3588 836 3671 sosormo
853 3596 909 3663 est,
922 3588 1009 3675 quod
1021 3602 1054 3653 et
1070 3589 1222 3675 subjectis
1234 3589 1374 3654 declaret
1388 3610 1441 3652 ex-

492 3689 613 3775 emplis.
647 3690 993 3777 Statuseniminquit,
1003 3714 1065 3755 non
1075 3690 1203 3768 habere,
1213 3693 1300 3777 quod
1311 3691 1444 3755 muteris

490 3791 562 3875 ojus
576 3802 624 3854 est
639 3803 755 3869 status,
770 3790 906 3856 dicitnr:
931 3791 986 3856 sed
1002 3792 1044 3856 sb
1059 3792 1220 3856 Hectorea
1234 3792 1283 3855 vel
1299 3791 1442 3857 Achilles

491 3894 605 3969 forme,
619 3916 690 3979 quae
702 3892 757 3957 oeri
769 3893 929 3981 impressae
941 3911 1027 3958 sunt.
1069 3896 1150 3958 ltem
1166 3916 1223 3971 res,
1233 3916 1296 3958 non
1312 3916 1332 3957 s
1347 3906 1441 3969 terre,

491 4016 565 4081 quae
580 3994 647 4080 ejus
663 3996 794 4060 materis
808 4008 868 4070 est,
884 4018 928 4059 nes
942 3993 1072 4070 dicitur,
1088 3993 1142 4057 sed
1158 4018 1177 4057 s
1191 3994 1302 4058 formis
1324 4016 1405 4079 quas
1423 4015 1444 4057 o

490 4109 605 4161 natura
620 4097 751 4183 aceepit
794 4100 894 4161 Terre
912 4118 1040 4181 qnoque
1055 4096 1135 4182 ipss,
1152 4117 1217 4160 non
1233 4096 1288 4158 dri
1302 4100 1352 4172 τῆς
1365 4092 1442 4174 ὕλης,

491 4223 562 4284 quae
579 4200 709 4265 materia
731 4200 802 4285 ejus
817 4213 877 4273 est,
892 4196 1009 4263 dicitur
1031 4211 1128 4275 terro,
1143 4198 1198 4263 sed
1214 4222 1234 4262 a
1248 4199 1389 4262 siocitste
1409 4211 1442 4261 et

490 4302 659 4386 gravitate,
676 4324 749 4387 qnae
764 4302 874 4363 formae
890 4312 976 4364 sunt.
1015 4299 1155 4365 Cuilibet
1171 4324 1261 4386 ergo,
1273 4324 1339 4367 esse
1355 4299 1442 4387 qnod

489 4413 548 4481 est,
571 4416 626 4469 aut
650 4402 756 4487 quale,
776 4413 832 4465 sut
855 4414 1010 4485 quantum
1033 4416 1125 4477 estu
1147 4403 1251 4468 forms
1272 4416 1330 4467 est.
1378 4399 1442 4468 Sed
