3625 5317
420 792 494 837 cae.
511 776 572 855 vn]
779 794 1020 842 uurauoorcus.
1331 786 1370 845 ⁷1

417 962 568 1029 quentur.
614 946 770 1032 Suprema
784 946 1110 1035 enim,quiagenere;
1133 960 1166 1013 et
1174 945 1285 1014 infima
1293 951 1371 1037 qnia

418 1044 605 1113 differentiis
625 1059 746 1125 carent,
766 1046 889 1113 definiri
911 1070 973 1113 non
995 1062 1139 1135 possum.
1183 1049 1243 1117 Eia
1265 1063 1371 1117 umen

417 1146 587 1233 descriptio
601 1147 784 1236 applicatur
799 1171 874 1235 quae
886 1150 924 1215 lit
948 1171 988 1214 ex
1009 1150 1274 1237 proprietatibus,
1290 1176 1373 1239 qua·

417 1268 485 1313 rum
501 1249 577 1314 alibi
592 1272 654 1313 non
670 1250 829 1337 reperitur
842 1250 996 1316 collectio.
1042 1252 1270 1318 substantialis
1283 1259 1369 1321 enim

415 1349 570 1429 definitio,
591 1352 658 1417 sine
679 1374 795 1438 genere
814 1353 981 1440 propositi,
1001 1365 1034 1418 et
1048 1352 1158 1441 aliqua
1178 1355 1373 1424 substantia·

415 1448 494 1515 lium
510 1450 774 1531 differentiarum,
789 1476 855 1519 esse
870 1476 934 1519 non
949 1467 1064 1541 potest.
1108 1458 1195 1523 Ecce
1210 1457 1255 1521 sic
1268 1472 1369 1523 artem

413 1550 586 1615 deliniendi
601 1551 733 1618 edoctus
748 1574 840 1619 sum:
859 1554 1020 1647 jubetque
1034 1576 1086 1619 me
1103 1555 1272 1643 quodlibet
1293 1579 1369 1643 pro·

413 1652 591 1739 positorum
615 1652 779 1718 commode
802 1654 946 1727 delinire,
972 1659 1023 1722 vel
1047 1657 1160 1722 saltem
1183 1656 1372 1725 describere.

415 1752 647 1837 Progredimur
660 1754 701 1819 ad
718 1752 882 1819 dividendi
897 1754 1073 1833 scientiam,
1088 1770 1121 1821 et
1135 1780 1240 1843 genus
1252 1759 1286 1822 iu
1302 1782 1372 1845 spe·

413 1858 490 1935 cies,
512 1868 570 1921 aut
596 1878 654 1942 per
679 1855 884 1933 differentias,
910 1870 968 1923 aut
991 1880 1049 1947 per
1071 1858 1314 1925 affirmationem
1338 1873 1370 1926 et

412 1955 628 2041 negationem,
658 1956 850 2023 sufficienter
888 1956 1031 2023 dividere
1062 1980 1204 2024 moneor.
1248 1960 1372 2025 Totum

412 2056 572 2142 integrum
596 2057 629 2121 in
652 2081 705 2123 eas
727 2070 836 2145 partes
857 2058 1079 2125 resolvendum
1101 2074 1162 2136 est,
1184 2082 1225 2124 ex
1250 2060 1370 2147 quibua

410 2157 608 2243 integraliter
637 2172 780 2225 constat:
806 2160 993 2239 universale,
1023 2161 1057 2225 in
1086 2161 1242 2248 subjecta,
1273 2174 1307 2226 et
1334 2166 1369 2239 in

413 2259 572 2343 potentias
586 2260 749 2328 virtuales,
796 2262 830 2327 Si
846 2263 932 2328 vocis
947 2276 995 2329 est
1011 2263 1126 2329 divino
1143 2264 1299 2340 facienda,
1315 2280 1372 2331 aut

412 2362 657 2446 significationes
680 2363 767 2429 illius
791 2376 1028 2447 enumerentur,
1051 2379 1109 2432 aut
1132 2365 1230 2431 modi.
1275 2366 1371 2431 Acci·

411 2462 489 2529 dene
505 2466 537 2528 in
559 2465 704 2551 subjecta
723 2465 868 2531 dividere
888 2467 1007 2533 doceor
1028 2468 1278 2556 admonitusque
1294 2490 1370 2558 qure

412 2565 501 2629 illius
515 2566 733 2652 susceptibilia
748 2565 811 2632 sint
831 2570 965 2654 aperire,
980 2570 1162 2655 subjectum
1184 2591 1316 2662 quoque
1337 2570 1369 2635 in

411 2666 598 2748 accidentia,
608 2690 709 2755 quum
721 2691 844 2749 eorum,
853 2692 929 2756 quaa
938 2671 969 2735 ei
978 2673 1141 2750 accidunt,
1151 2670 1369 2743 diversitatem

409 2769 566 2853 contingit
580 2770 757 2856 assignare:
775 2768 830 2834 sed
846 2786 879 2835 et
893 2770 1065 2837 accidentis
1086 2772 1120 2836 in
1137 2773 1367 2849 coaccidentia;

411 2892 513 2956 quum
535 2891 594 2958 pro
608 2871 827 2957 subjectorum
843 2872 1009 2949 varietate,
1024 2871 1212 2938 excedentia
1233 2895 1300 2937 esse
1314 2875 1371 2939 do-

408 2983 537 3051 centur,
563 2984 596 3037 et
621 2992 759 3039 excessa.
805 2972 1039 3060 compendiose
1063 2970 1176 3060 itaque
1201 2973 1370 3042 institutus

411 3094 497 3150 sum,
512 3074 593 3137 duaa
608 3085 715 3160 partes
730 3072 873 3139 exercitii
888 3073 997 3159 hujus.
1040 3078 1155 3141 Restat
1176 3077 1273 3141 tertia
1294 3078 1368 3163 qui·

406 3173 482 3239 dem
496 3173 597 3261 magis
608 3174 794 3253 necessaria,
806 3178 833 3240 si
845 3175 1028 3252 haberetur,
1040 3188 1073 3241 et
1085 3174 1181 3263 longe
1193 3176 1364 3257 verbosior,

406 3289 444 3343 ut
457 3277 638 3357 doceretur,
654 3299 706 3343 ars
721 3277 840 3343 scilicet
855 3276 1045 3364 colligendi:
1068 3300 1143 3366 quae
1156 3279 1199 3345 ad
1218 3279 1368 3345 adversa·

407 3381 491 3444 rium
514 3376 765 3444 convincendum
788 3379 929 3467 proficit,
953 3378 1004 3444 uel
1027 3380 1061 3446 iu
1085 3379 1298 3470 philosophia,
1322 3383 1364 3449 ad

407 3483 574 3547 veritatem
589 3481 879 3559 demonstrandam,
895 3483 1052 3569 quioquid
1076 3486 1215 3549 sentiant
1235 3482 1364 3550 audito-

407 3604 468 3648 res.
513 3581 596 3668 Ejus
624 3583 735 3669 itaque
761 3596 987 3671 proponuntur
1010 3607 1111 3672 pauca
1136 3596 1309 3673 precepta,
1331 3598 1365 3651 et

407 3706 481 3771 quae
512 3708 583 3771 ego,
611 3684 791 3771 compendii
820 3686 936 3771 gretia,
966 3685 1173 3772 paucioribus
1201 3685 1365 3752 disseram.

404 3788 466 3851 Est
480 3784 591 3872 itaque
606 3785 779 3872 diligenter
797 3786 1047 3865 observandum,
1064 3798 1101 3850 ut
1121 3784 1163 3850 ad
1185 3786 1363 3853 faciendam

404 3886 502 3951 iidem
525 3888 609 3972 ejus,
629 3886 671 3950 de
694 3910 761 3973 quo
784 3886 904 3971 agitur,
920 3884 1044 3973 aliquid
1059 3885 1305 3973 praemittamus,
1323 3910 1364 3952 ex

406 4008 474 4072 quo
496 3986 578 4053 illud
601 3988 810 4075 probabiliter
832 3987 943 4054 inferri
966 3988 1078 4075 possit,
1099 4000 1157 4055 aut
1177 3988 1365 4073 necessario,

406 4088 502 4174 quale
517 4106 563 4155 est
579 4110 682 4176 geum
697 4088 738 4155 ad
761 4087 949 4176 positionem
972 4089 1107 4176 specieir
1128 4102 1185 4154 aut
1207 4112 1272 4156 uuo
1289 4110 1364 4153 oon·

402 4192 573 4257 trariorum
602 4192 719 4278 posito,
742 4192 901 4279 reliquum
930 4193 1012 4258 tolli.
1070 4190 1215 4256 Procedo
1243 4191 1366 4272 itaque,

407 4293 560 4378 quoniam
582 4293 677 4358 bomo
700 4293 876 4360 obtusioris
898 4292 1018 4381 ingenii
1040 4313 1125 4372 serm,
1146 4303 1179 4355 et
1210 4287 1263 4352 cui
1287 4285 1368 4353 fides

405 4408 456 4460 est
473 4418 514 4461 ex
529 4395 665 4471 auditut
694 4410 726 4461 et
741 4396 800 4482 qui
815 4396 882 4473 vix,
897 4408 931 4460 et
946 4418 1030 4474 raro,
1044 4392 1220 4477 intelligere
1235 4408 1366 4490 possum
