3625 5317
776 816 1001 871 surusrroos.
1296 808 1365 867 269

495 962 635 1045 Nomen,
651 968 862 1053 philosophus
876 971 948 1034 brec
964 970 1153 1055 suscitatque
1167 972 1272 1035 docet.

395 1066 488 1131 Hoec
507 1079 539 1131 et
553 1069 741 1133 Aristoteles
756 1071 852 1135 sertin
868 1072 1017 1137 docuisse
1031 1072 1208 1157 loquendo,
1296 1078 1361 1137 995

492 1170 620 1233 Fortius
634 1171 794 1256 exemplis
807 1174 946 1256 quilibet
959 1174 1022 1237 ista
1036 1173 1141 1237 docet

622 1271 676 1335 De
690 1272 828 1336 Platone
841 1282 872 1336 et
887 1274 1037 1354 dogmate
1049 1275 1130 1353 ejus.

393 1371 443 1434 At
459 1370 558 1435 Plato
573 1386 764 1457 symmystes
778 1374 844 1437 veri
861 1374 1028 1455 distinguit
1041 1376 1075 1438 in
1091 1376 1171 1459 ipsis

494 1470 680 1551 Scibilibns,
695 1473 774 1558 qnid
789 1494 839 1537 res
855 1474 936 1538 scire
950 1487 1058 1539 create
1072 1486 1178 1558 queat.

394 1572 491 1634 Nem
507 1573 583 1638 licet
597 1574 755 1639 interdum
772 1576 848 1639 fidei
864 1576 1022 1641 contraria
1037 1576 1135 1654 dicat,

493 1670 576 1737 Sunt
590 1686 697 1739 tamem
711 1678 799 1741 illius
812 1677 952 1761 plurima
965 1688 1054 1759 grata
1067 1678 1173 1741 bonis.
1295 1679 1359 1742 940

396 1771 571 1857 Principio
587 1772 682 1839 docet
697 1798 766 1840 esse
780 1777 899 1853 Deum,
916 1776 1085 1858 distinguit
1100 1777 1140 1841 sb
1157 1798 1224 1841 reno

492 1874 634 1958 Tempus
650 1884 683 1939 et
697 1874 785 1939 ideas
799 1878 953 1960 applicat,
967 1888 1058 1962 aptat
1071 1878 1180 1960 hylen.

805 1976 890 2040 Dela
914 1978 954 2040 le.

400 2070 536 2136 luveuit
550 2074 632 2138 hanc
647 2076 784 2156 animus,
799 2076 875 2140 dum
891 1998 1011 2142 {uncta
1024 2079 1152 2141 resolvit
1166 2079 1308 2159 agitque,

493 2175 539 2239 Ut
552 2176 691 2258 prodent
705 2198 818 2243 causas
834 2192 953 2243 cuncte
966 2190 1072 2242 creata
1087 2200 1170 2243 suas

399 2274 436 2337 Si
453 2278 628 2359 specularis
643 2280 749 2363 hylen,
765 2302 851 2346 nnnc
867 2293 919 2345 est
932 2282 1111 2347 substantia
1125 2284 1257 2367 quasvis,
1292 2287 1355 2345 945

491 2380 611 2447 Contrs
625 2404 711 2448 nunc
726 2383 838 2449 eedem
853 2385 994 2449 creditur
1007 2406 1077 2449 esse
1091 2386 1182 2449 nihil.

399 2478 507 2549 Quam
524 2479 601 2544 dnm
615 2483 751 2566 vestigat
764 2486 856 2561 ratio,
872 2484 964 2569 quasi
980 2486 1107 2550 somnis
1120 2489 1228 2566 sentit,

490 2580 640 2667 Dumque
655 2594 763 2647 tenere
780 2585 883 2668 cupis,
898 2606 976 2647 mox
989 2585 1123 2668 fugitiva
1137 2589 1223 2651 latet.

399 2680 497 2743 Auris
511 2683 624 2747 abesse
639 2705 755 2747 sonum
771 2685 817 2747 sic
833 2684 934 2760 audit,
949 2683 1024 2745 dnm
1041 2684 1121 2746 nihil
1136 2685 1236 2749 audit.

491 2778 545 2845 Sic
562 2782 663 2846 oculis
679 2783 825 2845 tenebras
840 2802 935 2844 cerne
949 2780 1088 2845 ridendo
1104 2784 1194 2847 nihil.
1291 2792 1355 2849 950

399 2880 603 2967 Defectnque
618 2902 676 2945 suo
691 2882 737 2945 sic
756 2891 861 2945 tectus
875 2880 977 2962 tangit
991 2882 1095 2960 inane,

489 2979 669 3063 lusipidum
684 2990 797 3063 gustus
812 2982 857 3045 nil
873 2979 1028 3063 sapiendo
1044 2982 1167 3064 probat,

398 3082 446 3145 Et
461 3081 540 3144 nihil
557 3082 709 3145 olfaciens
724 3084 838 3165 procul
853 3104 924 3145 csse
939 3083 1074 3146 revincit
1089 3082 1214 3163 odores,

489 3182 554 3256 Qui
569 3182 657 3265 prius
672 3194 803 3266 argutus
819 3204 934 3246 consor
949 3182 1057 3246 odoris
1072 3196 1147 3248 erat

436 3286 489 3350 De
502 3283 583 3362 Deo,
596 3284 693 3363 cnjus
704 3287 852 3366 potentia
866 3288 914 3347 est
926 3285 1063 3371 ficiem
1076 3304 1177 3349 carna
1194 3286 1316 3353 mundi.

399 3386 463 3449 Est
476 3386 566 3449 Deus
580 3394 728 3465 retornus,
744 3386 882 3449 mundus
897 3407 970 3450 cum
985 3397 1127 3472 tempore
1143 3390 1254 3473 coepit,
1288 3396 1353 3455 955

488 3486 553 3550 Hic
569 3498 686 3564 manet,
700 3498 733 3551 at
748 3498 874 3570 tompus
889 3501 1004 3551 caetera
1019 3501 1137 3552 cuncta
1152 3502 1266 3553 movet

401 3586 463 3649 Per
476 3608 625 3652 numeros
639 3588 797 3653 clemente
812 3590 874 3653 eibi
890 3590 1049 3652 contraria
1063 3600 1197 3653 nectens

487 3688 597 3752 Vincit
611 3700 643 3753 et
659 3700 777 3753 aeterna
792 3710 871 3773 pace
888 3689 992 3770 rigere
1006 3690 1092 3753 facit.

402 3788 494 3861 Quod
511 3808 675 3863 numerus,
691 3791 831 3871 pondus,
855 3810 1016 3868 mensuro,
1037 3791 1135 3867 boun,
1151 3798 1276 3873 tempus
1295 3796 1354 3859 sibi

635 3892 933 3956 commensurabilia
948 3911 1014 3955 non
1027 3897 1116 3955 eunt.

399 3991 533 4055 Subdita
547 3992 719 4073 primorum
734 4014 884 4073 generum
900 3992 960 4055 sibi
976 4004 1149 4075 symmetra
1163 4014 1227 4055 non
1242 4008 1317 4059 sunt

485 4093 557 4154 Nec
573 4090 669 4152 simili
683 4092 834 4171 antigena
848 4093 906 4155 sub
923 4094 1046 4157 ratione
1061 4092 1192 4157 cadunt·
1288 4097 1352 4157 960

398 4191 566 4276 Temporis
581 4204 677 4274 atque
692 4193 755 4255 loci
772 4214 836 4255 non
853 4206 903 4256 est
918 4196 1083 4278 proportio
1097 4205 1185 4267 nota,

483 4290 646 4354 Mensurae
662 4291 741 4353 ratio
756 4289 908 4375 ponderis
922 4314 993 4356 esse
1007 4293 1131 4375 nequit.

397 4391 564 4455 Praedictis
579 4410 731 4453 nurnerus
746 4404 939 4473 asymmeter
953 4405 1014 4472 est,
1029 4404 1062 4453 et
1077 4392 1108 4453 in
1123 4390 1195 4453 istis
