3625 5317
393 818 465 863 cae.
481 796 578 876 svm]
742 813 985 859 narsaoomns.
1302 800 1340 859 91

394 966 446 1031 his
466 986 601 1052 quorum
623 977 697 1028 sunt
718 964 949 1043 substantialia,
962 962 1070 1030 denuo
1089 962 1256 1048 colligunt,
1273 964 1343 1027 uni·

397 1066 529 1131 versalia
553 1065 779 1151 singularibus,
804 1066 890 1153 quod
920 1067 961 1130 nd
987 1065 1167 1139 essentiam,
1194 1065 1344 1129 unienda.

396 1169 584 1235 Partiuntur
594 1170 704 1253 itaque
715 1180 818 1233 status
826 1167 909 1232 duce
922 1170 1064 1234 Goutero
1074 1170 1113 1232 de
1122 1169 1345 1245 Mauritania,

396 1283 426 1335 et
443 1268 662 1350 Platonem,in
673 1292 711 1333 eo
723 1270 812 1356 quod
827 1270 920 1333 Plato
931 1280 990 1346 est,
1000 1270 1113 1333 dicunt
1124 1267 1343 1344 individuum

395 1373 428 1435 in
444 1393 482 1435 eo
495 1370 583 1458 quod
601 1372 706 1451 bomo,
718 1372 868 1457 speciem:
885 1373 918 1435 in
933 1396 971 1436 eo
985 1370 1073 1459 quod
1089 1371 1216 1451 animal,
1227 1394 1344 1456 genum

397 1473 452 1538 sed
475 1474 713 1539 subalternum:
736 1473 768 1537 in
791 1494 830 1537 eo
853 1474 940 1559 quod
965 1472 1157 1550 substantia,
1180 1472 1349 1558 generalis-

399 1576 525 1640 simum.
571 1574 698 1640 Habuit
720 1576 789 1639 haec
809 1576 919 1661 opinio
938 1576 1063 1661 aliquos
1082 1588 1269 1640 assertores:
1291 1574 1347 1639 sed

398 1676 523 1764 pridem
551 1678 633 1740 hanc
663 1676 770 1741 nullus
798 1676 978 1763 profitetur.
1045 1676 1104 1740 Ille
1134 1676 1221 1741 ideas
1247 1674 1350 1760 ponit,

399 1778 567 1843 Platonem
590 1776 769 1853 aemulatus,
790 1790 824 1843 et
849 1776 977 1841 imitans
1003 1776 1202 1841 Bernardum
1230 1778 1351 1840 Carno-

399 1892 532 1960 tensem,
622 1878 700 1944 nibil
730 1891 848 1966 praeter
877 1902 941 1952 ens,
971 1900 1075 1965 genus
1102 1877 1180 1943 dicit
1207 1900 1274 1942 esse
1301 1877 1351 1941 vel

399 1891 637 2071 speciemffist
649 1991 754 2041 autem
770 1976 853 2055 idea,
864 1978 947 2042 sicut
959 1979 1077 2042 Seneca
1090 1977 1214 2059 definit,
1227 1998 1352 2058 eorum,

401 2102 476 2165 quae
498 2092 612 2143 natura
635 2078 715 2145 fiunt
736 2080 899 2164 exemplar
920 2093 1086 2145 aeternum.
1131 2082 1177 2145 Et
1197 2082 1348 2166 quoniam

401 2180 588 2246 universalis
611 2182 806 2268 corruptioni
832 2202 895 2246 non
922 2183 1099 2269 subjacent,
1123 2204 1181 2246 nec
1210 2183 1351 2249 motibus

403 2281 584 2357 alterantur,
609 2283 729 2369 quibus
751 2296 919 2348 moventur
941 2282 1125 2370 singularia,
1138 2297 1172 2348 et
1194 2283 1286 2371 quasi
1308 2283 1349 2348 ad

403 2397 610 2461 momentum,
632 2384 701 2449 aliis
723 2385 976 2463 succedentibus,
1002 2386 1065 2450 alia
1093 2384 1253 2461 defluunt,
1276 2407 1351 2472 pro·

403 2490 472 2573 prie
487 2499 517 2552 et
536 2509 607 2550 vere
622 2486 774 2551 dicuntur
794 2510 861 2551 esse
877 2487 1074 2552 universalia.
1121 2488 1286 2574 Siquidem
1301 2510 1352 2553 res

404 2589 538 2674 singulae
567 2589 654 2654 verbi
679 2588 876 2656 'substantivi
912 2590 1149 2676 nuncupatione
1177 2590 1352 2655 creduntur

403 2690 554 2777 indignae,
582 2713 682 2778 quum
712 2713 913 2777 nequaquam
943 2704 1037 2766 stent,
1066 2703 1098 2755 et
1126 2691 1263 2776 fugiant,
1294 2712 1353 2754 nec

404 2806 571 2877 expectent
606 2792 869 2878 appellationem:
909 2790 989 2857 adeo
1023 2813 1162 2877 namque
1190 2792 1354 2855 variantur

404 2892 629 2977 qualitatibus,
653 2890 861 2975 temporibus,
886 2889 972 2965 locis,
998 2902 1032 2954 et
1056 2888 1253 2953 multimodis
1282 2910 1355 2972 pro-

404 2993 607 3079 prietatibus,
623 3004 659 3055 ut
680 3003 781 3055 totum
804 3013 872 3055 esse
891 3012 999 3055 eorum
1020 3010 1083 3053 non
1103 3002 1206 3053 status
1220 2987 1353 3066 stabilis,

405 3092 461 3157 sed
478 3090 641 3157 mutabilis
651 3091 781 3177 quidem
798 3091 951 3157 transitus
965 3090 1121 3157 videatur.
1144 3092 1355 3171 Esseautem,

406 3196 513 3281 inquit
539 3193 704 3274 Boethius,
727 3218 764 3259 ea
786 3194 933 3274 dicimus,
959 3216 1033 3281 qaae
1055 3214 1159 3280 neque
1179 3192 1355 3258 intensione

296 3312 302 3325 ·
406 3310 563 3373 crescunt,
590 3319 691 3383 neque
716 3297 906 3362 retractione
931 3298 1130 3373 minuuntur,
1153 3297 1208 3362 sed
1231 3318 1354 3384 semper

406 3420 471 3465 suae
487 3412 612 3465 naturae
631 3399 767 3465 subnixa
786 3399 935 3465 subsidiis
949 3424 1016 3465 sese
1030 3400 1226 3466 custodiunt.
1272 3401 1354 3463 Haec

408 3515 513 3567 autem
539 3514 614 3566 sunt
636 3501 841 3586 quantitates,
864 3501 1044 3588 qualitates,
1069 3501 1249 3576 relationes,
1274 3500 1354 3578 loca,

408 3616 563 3687 tempora,
599 3602 813 3677 habitudines,
851 3615 884 3666 et
926 3602 1082 3689 quicquid
1119 3602 1356 3688 quodammodo

409 3702 582 3767 adunatum
606 3703 793 3789 corporibus
814 3704 986 3767 invenitur.
1037 3704 1117 3781 Quae
1136 3702 1268 3789 quidem
1287 3724 1356 3765 cor·

408 3805 539 3892 poribus
561 3805 713 3892 adjuncta
732 3806 849 3870 mutari
865 3806 1032 3871 ridentur:
1057 3804 1111 3869 sed
1127 3807 1160 3869 in
1175 3818 1291 3870 natura
1306 3805 1356 3868 sui

410 3906 622 3973 immutabilia
639 3920 835 3993 permanent.
881 3908 980 3972 sicet
995 3929 1099 3971 rerum
1121 3906 1241 3994 species
1256 3921 1357 3971 trans-

408 4008 557 4074 euntibus
593 4008 766 4075 individuis
801 4021 987 4096 permanent
1023 4008 1165 4081 eaedem
1203 4007 1356 4095 quemad·

409 4110 540 4175 modum
563 4110 853 4198 praeterfluentibus
873 4111 981 4189 undis,
997 4120 1101 4177 motus
1120 4117 1229 4177 amnis
1250 4118 1358 4175 monet

409 4217 446 4277 in
455 4218 616 4300 flumina:
638 4236 711 4277 nam
727 4227 758 4278 et
774 4212 857 4277 idem
878 4214 1006 4279 dicitur.
1053 4214 1150 4278 Unde
1169 4210 1248 4277 illud
1269 4210 1356 4296 apud

412 4316 574 4394 Senecam,
598 4314 746 4394 (alienum
774 4315 892 4398 tamen)
924 4316 973 4379 bis
995 4318 1032 4379 in
1056 4316 1137 4378 mem
1147 4316 1278 4399 flumen
1306 4311 1359 4374 da·

409 4419 603 4493 scandimus,
626 4425 657 4481 et
679 4438 745 4481 non
771 4418 998 4481 descendimus.
1046 4418 1109 4478 Hae
1134 4422 1240 4477 autem
1268 4410 1358 4495 ideae,
