3625 5317
484 791 545 851 164
746 802 884 851 scaurus
902 791 1183 847 sanasssmsnsrs
1288 784 1373 860 [uo.
1389 800 1432 845 rv.

484 955 651 1043 principia,
666 969 698 1022 et
718 978 758 1020 ex
774 955 823 1020 his
844 976 884 1020 ex
901 955 1086 1019 necessitate
1107 972 1257 1018 verorum
1272 951 1433 1038 sequelam

485 1058 633 1144 colligere
652 1058 804 1123 consertis
823 1057 1010 1134 rationibus,
1026 1068 1058 1121 et
1080 1068 1118 1121 ut
1140 1055 1186 1119 sic
1207 1053 1356 1126 dixerim,
1372 1052 1437 1117 cal-

485 1161 588 1227 catius
603 1160 759 1247 urgendo,
771 1184 810 1225 ne
825 1160 911 1242 quis,
924 1158 1015 1247 quasi
1030 1182 1070 1223 ex
1085 1158 1213 1222 defectu
1228 1155 1434 1233 necessitatis,

484 1263 632 1328 videatur
647 1264 763 1341 hiatus,
778 1264 835 1350 qui
855 1261 1113 1327 demonstrativae
1127 1258 1268 1325 scientiar
1281 1256 1438 1346 proejudi·

482 1367 566 1431 cium
598 1367 718 1432 afferat.
768 1370 842 1432 Non
872 1366 986 1452 utique
1016 1367 1118 1429 omnis
1146 1361 1277 1429 scientia
1304 1362 1435 1426 demon·

483 1468 616 1533 strativa
631 1481 688 1542 est,
702 1468 755 1531 sed
772 1466 825 1531 illa
840 1466 1009 1543 duntaxat,
1024 1488 1100 1552 quoe
1114 1488 1154 1530 ex
1170 1468 1265 1542 veris,
1276 1476 1309 1530 et
1322 1460 1433 1549 primis

481 1581 541 1647 est,
555 1581 588 1634 et
602 1568 804 1633 immediatis.
835 1571 918 1633 Nam
935 1566 1019 1633 sicut
1031 1590 1092 1632 oon
1107 1565 1209 1629 omnis
1221 1564 1432 1651 Syllogismus

483 1668 721 1750 demonstratio,
733 1667 788 1733 sed
804 1668 906 1733 omnis
921 1667 1148 1733 demonstratio
1159 1665 1363 1753 syllogismus
1373 1675 1432 1741 est,

483 1770 527 1835 sic
552 1770 831 1836 demonstrativam
860 1771 992 1835 scientia
1014 1768 1298 1835 inconvertibiliter
1321 1767 1433 1831 ambit.

484 1872 677 1935 Communes
706 1871 816 1957 itaque
851 1869 1071 1957 conceptiones
1104 1868 1201 1934 animi
1234 1867 1432 1955 precedunt,

481 1972 597 2037 deinde
612 1996 669 2060 per
689 1996 722 2039 se
742 1988 835 2039 nota:
864 1988 952 2039 etex
972 1974 1032 2050 his,
1050 1971 1310 2039 Demonstrativs
1328 1970 1432 2034 exori·

482 2084 545 2138 tur.
589 2074 702 2139 Refert
717 2090 825 2140 autem
845 2078 877 2139 in
893 2076 945 2153 iis,
959 2098 1034 2161 quae
1053 2086 1129 2140 nota
1143 2088 1230 2153 sunt,
1244 2095 1285 2137 an
1305 2085 1431 2152 natura,

481 2197 521 2239 ao
536 2174 577 2238 ad
593 2196 649 2239 nos
668 2176 792 2241 notiora
806 2176 887 2243 sint:
914 2198 987 2240 nam
1009 2175 1154 2263 proxima
1174 2174 1291 2252 sensui,
1307 2176 1432 2239 notiora

482 2277 583 2353 nobis,
600 2277 769 2343 remotiora
790 2301 876 2358 vero,
891 2292 1005 2364 utpote
1029 2275 1229 2359 universalia,
1244 2276 1431 2364 simpliciter

479 2396 513 2445 et
527 2378 716 2446 naturaliter
731 2380 863 2445 notiora.
909 2382 961 2446 Ex
977 2379 1141 2468 principiis
1161 2383 1271 2466 itaque
1292 2378 1432 2465 discipli-

481 2505 605 2562 narum,
631 2506 688 2570 per
717 2482 948 2570 propositiones
973 2482 1183 2560 immediatas,
1209 2482 1242 2545 id
1272 2496 1332 2559 est,
1356 2502 1429 2567 quas

479 2585 667 2672 probatione
692 2608 754 2649 non
781 2584 937 2671 indigent,
960 2584 1057 2649 adid
1081 2608 1147 2671 quo
1170 2584 1286 2664 tendit,
1310 2584 1361 2648 via
1381 2595 1429 2648 est

479 2686 730 2754 demonstratori.
777 2690 821 2753 Et
838 2686 910 2753 licet
925 2687 965 2752 ad
978 2686 1136 2774 judicium
1153 2689 1291 2751 maxime
1305 2686 1430 2751 dicatur

479 2789 547 2855 haec
574 2792 704 2857 scientia
728 2790 898 2878 pertinere,
922 2789 1093 2855 inventioni
1121 2801 1226 2854 tamen
1253 2787 1426 2875 plurimum

478 2892 609 2958 confert.
644 2893 747 2957 Docet
763 2894 844 2957 enim
861 2914 900 2956 ex
912 2891 1044 2978 quibus,
1058 2905 1091 2955 et
1105 2890 1242 2977 qualiter
1252 2891 1427 2974 contingat,

476 2992 704 3072 demonstrare,
730 3006 763 3058 et
789 2992 931 3080 quando,
957 3006 989 3059 et
1017 2992 1179 3077 quomodo
1206 2990 1346 3079 propriis
1370 3003 1427 3056 sut

476 3094 698 3160 communibus
713 3094 754 3158 sit
770 3094 944 3160 utendum:
971 3118 1043 3159 narn
1059 3094 1199 3159 scientiae
1218 3094 1277 3159 sibi
1293 3093 1425 3157 invicem

476 3195 669 3261 adminicula
698 3195 876 3261 conferunt.
930 3201 976 3263 Et
1007 3196 1083 3284 quia
1112 3216 1174 3261 oon
1206 3195 1310 3260 omnis
1337 3195 1426 3260 locus

475 3295 718 3363 demonstratori
740 3296 927 3362 commodus
940 3312 987 3364 est
1009 3300 1134 3387 (utpote
1145 3298 1187 3364 ab
1200 3298 1374 3375 accidente,
1389 3322 1428 3363 eo

473 3396 562 3485 quod
586 3395 857 3483 corruptibilium,
875 3420 932 3462 nec
954 3399 1194 3478 demonstratio,
1215 3423 1273 3465 nec
1295 3400 1426 3465 scientia

474 3497 658 3586 simpliciter
669 3506 740 3581 est,)
754 3498 944 3563 necessarios
954 3499 1017 3565 sibi
1029 3499 1170 3567 vindicat
1181 3502 1276 3579 locos,
1287 3500 1426 3588 reliquos

473 3598 649 3665 Dialectico
671 3600 755 3666 cedit
776 3608 809 3664 et
826 3600 956 3665 oratori.
1000 3600 1126 3679 Quibus
1146 3601 1344 3667 satisfactum
1365 3615 1424 3676 est,

472 3700 497 3766 si
520 3700 766 3767 verisimillimus
789 3702 844 3768 fiat
867 3700 1080 3788 syllogismus.
1124 3707 1284 3769 Praeterea
1304 3704 1425 3790 quibus

470 3802 671 3890 syllogismis,
701 3806 859 3890 quibusve
888 3805 1160 3892 propositionibus
1193 3805 1348 3871 utendum
1381 3806 1423 3871 sit

469 3904 583 3989 aperit,
593 3915 625 3967 et
637 3924 733 3989 quarn
746 3904 806 3968 vim
820 3907 852 3970 in
864 3906 1038 3971 astruendo
1049 3906 1099 3971 vel
1109 3907 1303 3973 destruendo
1309 3907 1423 3971 afferat

470 4004 697 4093 propositionis
722 4007 888 4092 quantitas
914 4024 971 4073 aut
1001 4009 1151 4096 qualitas,
1177 4010 1348 4096 diligenter
1376 4008 1424 4073 in·

468 4120 593 4193 specta:
618 4106 690 4190 quis
705 4118 811 4171 autern
830 4107 1044 4193 syllogismus,
1061 4110 1113 4175 cui
1127 4111 1224 4177 faciat
1239 4111 1424 4198 questioni,

467 4232 581 4295 quaeve
597 4208 759 4295 sitligura
780 4208 965 4296 syllogismo
985 4211 1232 4284 accommodata.
1248 4212 1374 4298 pandit,
1390 4225 1421 4278 et

467 4312 512 4375 sic
532 4309 781 4376 Demonstrandi
804 4310 966 4375 scientiam
990 4314 1118 4390 statuit,
1132 4336 1169 4378 uc
1190 4314 1217 4378 si
1240 4334 1332 4379 sensu
1352 4336 1421 4378 cor-

465 4431 562 4495 poreo
574 4423 731 4489 teneatur,
744 4433 818 4497 quae
831 4411 914 4477 ratio
926 4410 1108 4477 indubitata
1119 4414 1163 4478 sic
1174 4438 1241 4480 esse
1252 4414 1420 4479 convincit.
