<?xml version="1.0" encoding="UTF-8"?>
<!DOCTYPE html PUBLIC "-//W3C//DTD XHTML 1.0 Transitional//EN"
    "http://www.w3.org/TR/xhtml1/DTD/xhtml1-transitional.dtd">
<html xmlns="http://www.w3.org/1999/xhtml" xml:lang="en" lang="en">
 <head>
  <title>
</title>
<meta http-equiv="Content-Type" content="text/html;charset=utf-8" />
  <meta name='ocr-system' content='tesseract 3.04.00' />
  <meta name='ocr-capabilities' content='ocr_page ocr_carea ocr_par ocr_line ocrx_word'/>
</head>
<body>
  <div class='ocr_page' id='page_1' title='image "./joannissaresber13johngoog_0356.png"; bbox 0 0 3625 5317; ppageno 0'>
   <div class='ocr_carea' id='block_1_1' title="bbox 449 761 1137 825">
    <p class='ocr_par' dir='ltr' id='par_1_1' title="bbox 449 761 1137 825">
     <span class='ocr_line' id='line_1_1' title="bbox 449 761 1137 825; baseline 0.004 -3"><span class='ocrx_word' id='word_1_1' title='bbox 449 761 513 822; x_wconf 75' lang='lat' dir='ltr'><strong>als</strong></span> <span class='ocrx_word' id='word_1_2' title='bbox 707 775 843 822; x_wconf 79' lang='lat' dir='ltr'><strong>rosssrs</strong></span> <span class='ocrx_word' id='word_1_3' title='bbox 858 777 1137 825; x_wconf 79' lang='lat' dir='ltr'><strong>ssssssssrsssrs</strong></span> 
     </span>
    </p>
   </div>
   <div class='ocr_carea' id='block_1_2' title="bbox 453 927 1414 1620">
    <p class='ocr_par' dir='ltr' id='par_1_2' title="bbox 453 927 1414 1620">
     <span class='ocr_line' id='line_1_2' title="bbox 453 927 1414 1014; baseline -0.003 -20"><span class='ocrx_word' id='word_1_4' title='bbox 453 929 535 1014; x_wconf 84' lang='lat' dir='ltr'><strong>Cep.</strong></span> <span class='ocrx_word' id='word_1_5' title='bbox 554 933 603 993; x_wconf 83' lang='lat'><strong>18.</strong></span> <span class='ocrx_word' id='word_1_6' title='bbox 627 927 800 992; x_wconf 80' lang='lat' dir='ltr'><strong>Aosclmus</strong></span> <span class='ocrx_word' id='word_1_7' title='bbox 810 949 881 992; x_wconf 83' lang='lat' dir='ltr'><strong>com</strong></span> <span class='ocrx_word' id='word_1_8' title='bbox 893 931 962 994; x_wconf 81' lang='lat' dir='ltr'><strong>suis</strong></span> <span class='ocrx_word' id='word_1_9' title='bbox 974 931 1109 1012; x_wconf 60' lang='lat' dir='ltr'><strong>qumcit</strong></span> <span class='ocrx_word' id='word_1_10' title='bbox 1123 931 1303 994; x_wconf 74' lang='lat' dir='ltr'><strong>Florentia</strong></span> <span class='ocrx_word' id='word_1_11' title='bbox 1312 938 1414 992; x_wconf 76' lang='lat' dir='ltr'><strong>nocte</strong></span> 
     </span>
     <span class='ocr_line' id='line_1_3' title="bbox 494 1032 1409 1113; baseline -0.002 -19"><span class='ocrx_word' id='word_1_12' title='bbox 494 1051 575 1094; x_wconf 83' lang='lat' dir='ltr'><strong>uno.</strong></span> <span class='ocrx_word' id='word_1_13' title='bbox 615 1032 667 1095; x_wconf 86' lang='lat' dir='ltr'><strong>De</strong></span> <span class='ocrx_word' id='word_1_14' title='bbox 680 1032 816 1112; x_wconf 82' lang='lat' dir='ltr'><strong>quodam</strong></span> <span class='ocrx_word' id='word_1_15' title='bbox 831 1033 911 1110; x_wconf 79' lang='lat' dir='ltr'><strong>uiro,</strong></span> <span class='ocrx_word' id='word_1_16' title='bbox 925 1035 982 1113; x_wconf 82' lang='lat' dir='ltr'><strong>qui</strong></span> <span class='ocrx_word' id='word_1_17' title='bbox 988 1034 1144 1112; x_wconf 82' lang='lat' dir='ltr'><strong>jacuerat</strong></span> <span class='ocrx_word' id='word_1_18' title='bbox 1157 1034 1193 1096; x_wconf 81' lang='lat' dir='ltr'><strong>iu</strong></span> <span class='ocrx_word' id='word_1_19' title='bbox 1208 1033 1287 1095; x_wconf 82' lang='lat' dir='ltr'><strong>lecto</strong></span> <span class='ocrx_word' id='word_1_20' title='bbox 1300 1032 1409 1094; x_wconf 78' lang='lat' dir='ltr'><strong>sancti</strong></span> 
     </span>
     <span class='ocr_line' id='line_1_4' title="bbox 495 1133 1409 1214; baseline -0.003 -18"><span class='ocrx_word' id='word_1_21' title='bbox 495 1133 649 1208; x_wconf 77' lang='lat' dir='ltr'><strong>Arraelmi,</strong></span> <span class='ocrx_word' id='word_1_22' title='bbox 664 1139 695 1195; x_wconf 86' lang='lat' dir='ltr'><strong>et</strong></span> <span class='ocrx_word' id='word_1_23' title='bbox 709 1133 790 1214; x_wconf 82' lang='lat' dir='ltr'><strong>quid</strong></span> <span class='ocrx_word' id='word_1_24' title='bbox 804 1135 835 1195; x_wconf 83' lang='lat' dir='ltr'><strong>ci</strong></span> <span class='ocrx_word' id='word_1_25' title='bbox 849 1136 975 1196; x_wconf 79' lang='lat' dir='ltr'><strong>occidit</strong></span> <span class='ocrx_word' id='word_1_26' title='bbox 1020 1135 1073 1197; x_wconf 81' lang='lat' dir='ltr'><strong>Dc</strong></span> <span class='ocrx_word' id='word_1_27' title='bbox 1088 1134 1281 1197; x_wconf 75' lang='lat' dir='ltr'><strong>inhibitione</strong></span> <span class='ocrx_word' id='word_1_28' title='bbox 1299 1133 1409 1194; x_wconf 81' lang='lat' dir='ltr'><strong>sancti</strong></span> 
     </span>
     <span class='ocr_line' id='line_1_5' title="bbox 495 1234 1409 1318; baseline -0.002 -22"><span class='ocrx_word' id='word_1_29' title='bbox 495 1235 637 1296; x_wconf 78' lang='lat' dir='ltr'><strong>Ansclmi</strong></span> <span class='ocrx_word' id='word_1_30' title='bbox 650 1235 880 1316; x_wconf 79' lang='lat' dir='ltr'><strong>archiepiscopi</strong></span> <span class='ocrx_word' id='word_1_31' title='bbox 900 1237 937 1296; x_wconf 81' lang='lat' dir='ltr'><strong>in</strong></span> <span class='ocrx_word' id='word_1_32' title='bbox 958 1255 1094 1315; x_wconf 65' lang='lat' dir='ltr'><strong>ceptrum</strong></span> <span class='ocrx_word' id='word_1_33' title='bbox 1118 1234 1245 1318; x_wconf 77' lang='lat' dir='ltr'><strong>Anplio</strong></span> <span class='ocrx_word' id='word_1_34' title='bbox 1267 1241 1409 1314; x_wconf 79' lang='lat' dir='ltr'><strong>tempore</strong></span> 
     </span>
     <span class='ocr_line' id='line_1_6' title="bbox 498 1335 1406 1418; baseline -0.002 -21"><span class='ocrx_word' id='word_1_35' title='bbox 498 1335 636 1398; x_wconf 83' lang='lat' dir='ltr'><strong>Henrici</strong></span> <span class='ocrx_word' id='word_1_36' title='bbox 661 1336 772 1418; x_wconf 81' lang='lat' dir='ltr'><strong>primi.</strong></span> <span class='ocrx_word' id='word_1_37' title='bbox 826 1336 879 1399; x_wconf 83' lang='lat' dir='ltr'><strong>Do</strong></span> <span class='ocrx_word' id='word_1_38' title='bbox 903 1338 1041 1418; x_wconf 79' lang='lat' dir='ltr'><strong>quodam</strong></span> <span class='ocrx_word' id='word_1_39' title='bbox 1067 1357 1148 1400; x_wconf 81' lang='lat' dir='ltr'><strong>ecco</strong></span> <span class='ocrx_word' id='word_1_40' title='bbox 1172 1338 1362 1399; x_wconf 53' lang='lat' dir='ltr'><strong>illuminato</strong></span> <span class='ocrx_word' id='word_1_41' title='bbox 1385 1355 1406 1395; x_wconf 87' lang='grc' dir='ltr'><em>α</em></span> 
     </span>
     <span class='ocr_line' id='line_1_7' title="bbox 495 1435 1410 1519; baseline -0.001 -21"><span class='ocrx_word' id='word_1_42' title='bbox 495 1441 605 1498; x_wconf 80' lang='lat' dir='ltr'><strong>sancto</strong></span> <span class='ocrx_word' id='word_1_43' title='bbox 626 1435 775 1500; x_wconf 84' lang='lat' dir='ltr'><strong>Ansclmo</strong></span> <span class='ocrx_word' id='word_1_44' title='bbox 796 1443 940 1519; x_wconf 82' lang='lat' dir='ltr'><strong>tempore</strong></span> <span class='ocrx_word' id='word_1_45' title='bbox 954 1440 1048 1500; x_wconf 73' lang='lat' dir='ltr'><strong>esitii</strong></span> <span class='ocrx_word' id='word_1_46' title='bbox 1069 1439 1210 1502; x_wconf 81' lang='lat' dir='ltr'><strong>secundi.</strong></span> <span class='ocrx_word' id='word_1_47' title='bbox 1254 1437 1308 1499; x_wconf 81' lang='lat' dir='ltr'><strong>De</strong></span> <span class='ocrx_word' id='word_1_48' title='bbox 1325 1455 1410 1516; x_wconf 79' lang='lat' dir='ltr'><strong>poco</strong></span> 
     </span>
     <span class='ocr_line' id='line_1_8' title="bbox 486 1537 1404 1620; baseline -0.002 -22"><span class='ocrx_word' id='word_1_49' title='bbox 486 1538 585 1620; x_wconf 85' lang='lat' dir='ltr'><strong>sacto</strong></span> <span class='ocrx_word' id='word_1_50' title='bbox 599 1539 686 1600; x_wconf 79' lang='lat' dir='ltr'><strong>inter</strong></span> <span class='ocrx_word' id='word_1_51' title='bbox 699 1559 802 1618; x_wconf 76' lang='lat' dir='ltr'><strong>repom</strong></span> <span class='ocrx_word' id='word_1_52' title='bbox 820 1538 1001 1601; x_wconf 81' lang='lat' dir='ltr'><strong>Henrr&#39;cum</strong></span> <span class='ocrx_word' id='word_1_53' title='bbox 1016 1538 1148 1620; x_wconf 79' lang='lat' dir='ltr'><strong>Angliae</strong></span> <span class='ocrx_word' id='word_1_54' title='bbox 1162 1548 1194 1602; x_wconf 86' lang='lat' dir='ltr'><strong>et</strong></span> <span class='ocrx_word' id='word_1_55' title='bbox 1208 1537 1404 1602; x_wconf 66' lang='lat' dir='ltr'><strong>smmum.</strong></span> 
     </span>
    </p>
   </div>
   <div class='ocr_carea' id='block_1_3' title="bbox 430 1652 1407 4468">
    <p class='ocr_par' dir='ltr' id='par_1_3' title="bbox 450 1652 1407 3454">
     <span class='ocr_line' id='line_1_9' title="bbox 496 1652 1406 1735; baseline -0.004 -19"><span class='ocrx_word' id='word_1_56' title='bbox 496 1655 705 1716; x_wconf 79' lang='lat' dir='ltr'><strong>Rannourss</strong></span> <span class='ocrx_word' id='word_1_57' title='bbox 732 1654 923 1717; x_wconf 81' lang='lat' dir='ltr'>Florentiam</span> <span class='ocrx_word' id='word_1_58' title='bbox 947 1655 1090 1732; x_wconf 80' lang='lat' dir='ltr'><strong>veniunt,</strong></span> <span class='ocrx_word' id='word_1_59' title='bbox 1109 1665 1142 1717; x_wconf 87' lang='lat' dir='ltr'><strong>et</strong></span> <span class='ocrx_word' id='word_1_60' title='bbox 1163 1654 1210 1716; x_wconf 92' lang='lat' dir='ltr'><strong>ibi</strong></span> <span class='ocrx_word' id='word_1_61' title='bbox 1235 1652 1406 1735; x_wconf 89' lang='lat' dir='ltr'><strong>quiescunt</strong></span> 
     </span>
     <span class='ocr_line' id='line_1_10' title="bbox 452 1753 1407 1834; baseline -0.005 -16"><span class='ocrx_word' id='word_1_62' title='bbox 452 1765 548 1818; x_wconf 92' lang='lat' dir='ltr'><strong>nocte</strong></span> <span class='ocrx_word' id='word_1_63' title='bbox 571 1775 643 1818; x_wconf 84' lang='lat' dir='ltr'><strong>uus.</strong></span> <span class='ocrx_word' id='word_1_64' title='bbox 689 1754 942 1818; x_wconf 77' lang='lat' dir='ltr'><strong>Discedentibus</strong></span> <span class='ocrx_word' id='word_1_65' title='bbox 963 1755 1039 1834; x_wconf 88' lang='lat' dir='ltr'><strong>illis,</strong></span> <span class='ocrx_word' id='word_1_66' title='bbox 1060 1754 1211 1818; x_wconf 89' lang='lat' dir='ltr'><strong>dominus</strong></span> <span class='ocrx_word' id='word_1_67' title='bbox 1233 1754 1350 1816; x_wconf 87' lang='lat' dir='ltr'><strong>domus</strong></span> <span class='ocrx_word' id='word_1_68' title='bbox 1371 1753 1407 1814; x_wconf 89' lang='lat' dir='ltr'><strong>in</strong></span> 
     </span>
     <span class='ocr_line' id='line_1_11' title="bbox 452 1853 1405 1940; baseline -0.004 -22"><span class='ocrx_word' id='word_1_69' title='bbox 452 1857 539 1920; x_wconf 87' lang='lat' dir='ltr'><strong>lecto</strong></span> <span class='ocrx_word' id='word_1_70' title='bbox 568 1877 632 1940; x_wconf 91' lang='lat' dir='ltr'><strong>quo</strong></span> <span class='ocrx_word' id='word_1_71' title='bbox 661 1857 832 1920; x_wconf 81' lang='lat' dir='ltr'><strong>Anselmus</strong></span> <span class='ocrx_word' id='word_1_72' title='bbox 857 1857 1005 1939; x_wconf 85' lang='lat' dir='ltr'><strong>jacuerat</strong></span> <span class='ocrx_word' id='word_1_73' title='bbox 1034 1877 1092 1938; x_wconf 88' lang='lat' dir='ltr'><strong>pro</strong></span> <span class='ocrx_word' id='word_1_74' title='bbox 1121 1877 1210 1920; x_wconf 88' lang='lat' dir='ltr'><strong>more</strong></span> <span class='ocrx_word' id='word_1_75' title='bbox 1240 1853 1405 1916; x_wconf 76' lang='lat' dir='ltr'><strong>decubuit.</strong></span> 
     </span>
     <span class='ocr_line' id='line_1_12' title="bbox 454 1952 1407 2038; baseline -0.004 -20"><span class='ocrx_word' id='word_1_76' title='bbox 454 1957 527 2027; x_wconf 88' lang='lat' dir='ltr'><strong>Quo</strong></span> <span class='ocrx_word' id='word_1_77' title='bbox 542 1955 719 2020; x_wconf 78' lang='lat' dir='ltr'>dormiente</span> <span class='ocrx_word' id='word_1_78' title='bbox 739 1956 830 2021; x_wconf 89' lang='lat' dir='ltr'><strong>adest</strong></span> <span class='ocrx_word' id='word_1_79' title='bbox 843 1957 942 2019; x_wconf 90' lang='lat' dir='ltr'><strong>homo</strong></span> <span class='ocrx_word' id='word_1_80' title='bbox 957 1957 1096 2038; x_wconf 77' lang='lat' dir='ltr'><strong>ignotus,</strong></span> <span class='ocrx_word' id='word_1_81' title='bbox 1110 1977 1246 2020; x_wconf 90' lang='lat' dir='ltr'><strong>mouens</strong></span> <span class='ocrx_word' id='word_1_82' title='bbox 1269 1973 1306 2016; x_wconf 83' lang='lat' dir='ltr'><strong>ut</strong></span> <span class='ocrx_word' id='word_1_83' title='bbox 1326 1952 1407 2015; x_wconf 84' lang='lat' dir='ltr'><strong>inde</strong></span> 
     </span>
     <span class='ocr_line' id='line_1_13' title="bbox 452 2053 1406 2140; baseline 0 -24"><span class='ocrx_word' id='word_1_84' title='bbox 452 2055 548 2118; x_wconf 88' lang='lat' dir='ltr'><strong>citius</strong></span> <span class='ocrx_word' id='word_1_85' title='bbox 563 2066 681 2136; x_wconf 77' lang='lat' dir='ltr'><strong>surgat</strong></span> <span class='ocrx_word' id='word_1_86' title='bbox 725 2057 770 2119; x_wconf 88' lang='lat' dir='ltr'><strong>Et</strong></span> <span class='ocrx_word' id='word_1_87' title='bbox 793 2056 910 2140; x_wconf 85' lang='lat' dir='ltr'><strong>adjecit</strong></span> <span class='ocrx_word' id='word_1_88' title='bbox 932 2053 1103 2137; x_wconf 83' lang='lat' dir='ltr'><strong>indignum</strong></span> <span class='ocrx_word' id='word_1_89' title='bbox 1127 2075 1210 2132; x_wconf 88' lang='lat' dir='ltr'><strong>esse,</strong></span> <span class='ocrx_word' id='word_1_90' title='bbox 1225 2067 1261 2117; x_wconf 90' lang='lat' dir='ltr'><strong>ut</strong></span> <span class='ocrx_word' id='word_1_91' title='bbox 1282 2055 1406 2117; x_wconf 80' lang='lat' dir='ltr'><strong>lecturo</strong></span> 
     </span>
     <span class='ocr_line' id='line_1_14' title="bbox 452 2157 1405 2244; baseline -0.004 -22"><span class='ocrx_word' id='word_1_92' title='bbox 452 2171 636 2243; x_wconf 86' lang='lat' dir='ltr'><strong>occuparet,</strong></span> <span class='ocrx_word' id='word_1_93' title='bbox 657 2159 691 2222; x_wconf 90' lang='lat' dir='ltr'><strong>in</strong></span> <span class='ocrx_word' id='word_1_94' title='bbox 715 2181 779 2244; x_wconf 90' lang='lat' dir='ltr'><strong>quo</strong></span> <span class='ocrx_word' id='word_1_95' title='bbox 805 2169 913 2224; x_wconf 82' lang='lat' dir='ltr'><strong>taulus</strong></span> <span class='ocrx_word' id='word_1_96' title='bbox 937 2159 1058 2243; x_wconf 80' lang='lat' dir='ltr'><strong>quierit</strong></span> <span class='ocrx_word' id='word_1_97' title='bbox 1079 2160 1207 2241; x_wconf 79' lang='lat' dir='ltr'><strong>hospes.</strong></span> <span class='ocrx_word' id='word_1_98' title='bbox 1252 2157 1405 2221; x_wconf 86' lang='lat' dir='ltr'><strong>Contem-</strong></span> 
     </span>
     <span class='ocr_line' id='line_1_15' title="bbox 452 2259 1405 2324; baseline -0.002 -3"><span class='ocrx_word' id='word_1_99' title='bbox 452 2261 541 2322; x_wconf 85' lang='lat' dir='ltr'><strong>neuti</strong></span> <span class='ocrx_word' id='word_1_100' title='bbox 571 2273 666 2324; x_wconf 86' lang='lat' dir='ltr'><strong>nocte</strong></span> <span class='ocrx_word' id='word_1_101' title='bbox 696 2261 841 2324; x_wconf 89' lang='lat' dir='ltr'><strong>secunda</strong></span> <span class='ocrx_word' id='word_1_102' title='bbox 868 2261 950 2324; x_wconf 82' lang='lat' dir='ltr'><strong>visio</strong></span> <span class='ocrx_word' id='word_1_103' title='bbox 979 2261 1134 2324; x_wconf 79' lang='lat' dir='ltr'>minacius</span> <span class='ocrx_word' id='word_1_104' title='bbox 1162 2272 1196 2324; x_wconf 91' lang='lat' dir='ltr'><strong>et</strong></span> <span class='ocrx_word' id='word_1_105' title='bbox 1233 2259 1405 2322; x_wconf 82' lang='lat' dir='ltr'><strong>terribilius</strong></span> 
     </span>
     <span class='ocr_line' id='line_1_16' title="bbox 451 2360 1403 2444; baseline -0.001 -22"><span class='ocrx_word' id='word_1_106' title='bbox 451 2361 590 2423; x_wconf 76' lang='lat' dir='ltr'><strong>iteratur.</strong></span> <span class='ocrx_word' id='word_1_107' title='bbox 637 2361 699 2425; x_wconf 93' lang='lat' dir='ltr'><strong>Illo</strong></span> <span class='ocrx_word' id='word_1_108' title='bbox 722 2373 826 2424; x_wconf 87' lang='lat' dir='ltr'><strong>autem</strong></span> <span class='ocrx_word' id='word_1_109' title='bbox 851 2375 939 2424; x_wconf 88' lang='lat' dir='ltr'><strong>moto</strong></span> <span class='ocrx_word' id='word_1_110' title='bbox 964 2361 1097 2444; x_wconf 88' lang='lat' dir='ltr'><strong>quidem</strong></span> <span class='ocrx_word' id='word_1_111' title='bbox 1121 2360 1266 2424; x_wconf 79' lang='lat' dir='ltr'><strong>sednon</strong></span> <span class='ocrx_word' id='word_1_112' title='bbox 1292 2374 1328 2422; x_wconf 91' lang='lat' dir='ltr'><strong>ut</strong></span> <span class='ocrx_word' id='word_1_113' title='bbox 1350 2381 1403 2422; x_wconf 91' lang='lat' dir='ltr'><strong>ce·</strong></span> 
     </span>
     <span class='ocr_line' id='line_1_17' title="bbox 452 2459 1405 2542; baseline -0.001 -20"><span class='ocrx_word' id='word_1_114' title='bbox 452 2459 551 2537; x_wconf 86' lang='lat' dir='ltr'><strong>deret,</strong></span> <span class='ocrx_word' id='word_1_115' title='bbox 566 2461 655 2523; x_wconf 89' lang='lat' dir='ltr'><strong>tertia</strong></span> <span class='ocrx_word' id='word_1_116' title='bbox 669 2471 763 2524; x_wconf 89' lang='lat' dir='ltr'><strong>nocte</strong></span> <span class='ocrx_word' id='word_1_117' title='bbox 785 2459 1008 2539; x_wconf 81' lang='lat' dir='ltr'><strong>denunciatur,</strong></span> <span class='ocrx_word' id='word_1_118' title='bbox 1023 2472 1058 2525; x_wconf 88' lang='lat' dir='ltr'><strong>ut</strong></span> <span class='ocrx_word' id='word_1_119' title='bbox 1073 2463 1164 2526; x_wconf 92' lang='lat' dir='ltr'><strong>ocius</strong></span> <span class='ocrx_word' id='word_1_120' title='bbox 1182 2471 1289 2542; x_wconf 83' lang='lat' dir='ltr'><strong>surgat</strong></span> <span class='ocrx_word' id='word_1_121' title='bbox 1311 2470 1345 2523; x_wconf 88' lang='lat' dir='ltr'><strong>et</strong></span> <span class='ocrx_word' id='word_1_122' title='bbox 1367 2479 1405 2521; x_wconf 89' lang='lat' dir='ltr'><strong>se</strong></span> 
     </span>
     <span class='ocr_line' id='line_1_18' title="bbox 450 2559 1402 2644; baseline -0.001 -22"><span class='ocrx_word' id='word_1_123' title='bbox 450 2559 569 2624; x_wconf 82' lang='lat' dir='ltr'><strong>exinde</strong></span> <span class='ocrx_word' id='word_1_124' title='bbox 583 2561 751 2637; x_wconf 87' lang='lat' dir='ltr'><strong>cohibeat;</strong></span> <span class='ocrx_word' id='word_1_125' title='bbox 780 2560 1000 2644; x_wconf 80' lang='lat' dir='ltr'><strong>expetiturum</strong></span> <span class='ocrx_word' id='word_1_126' title='bbox 1014 2563 1082 2625; x_wconf 88' lang='lat' dir='ltr'><strong>sore</strong></span> <span class='ocrx_word' id='word_1_127' title='bbox 1106 2584 1172 2625; x_wconf 93' lang='lat' dir='ltr'><strong>non</strong></span> <span class='ocrx_word' id='word_1_128' title='bbox 1195 2582 1265 2624; x_wconf 89' lang='lat' dir='ltr'><strong>esse</strong></span> <span class='ocrx_word' id='word_1_129' title='bbox 1281 2561 1402 2623; x_wconf 82' lang='lat' dir='ltr'><strong>santus·</strong></span> 
     </span>
     <span class='ocr_line' id='line_1_19' title="bbox 451 2659 1405 2746; baseline -0.006 -18"><span class='ocrx_word' id='word_1_130' title='bbox 451 2663 551 2728; x_wconf 86' lang='lat' dir='ltr'><strong>ticum</strong></span> <span class='ocrx_word' id='word_1_131' title='bbox 567 2663 655 2746; x_wconf 88' lang='lat' dir='ltr'><strong>quod</strong></span> <span class='ocrx_word' id='word_1_132' title='bbox 670 2662 806 2727; x_wconf 76' lang='lat' dir='ltr'><strong>videbat.</strong></span> <span class='ocrx_word' id='word_1_133' title='bbox 842 2663 984 2726; x_wconf 82' lang='lat' dir='ltr'><strong>Territus</strong></span> <span class='ocrx_word' id='word_1_134' title='bbox 998 2663 1053 2727; x_wconf 92' lang='lat' dir='ltr'><strong>ille</strong></span> <span class='ocrx_word' id='word_1_135' title='bbox 1066 2664 1202 2740; x_wconf 88' lang='lat' dir='ltr'><strong>somnio,</strong></span> <span class='ocrx_word' id='word_1_136' title='bbox 1213 2683 1308 2725; x_wconf 90' lang='lat' dir='ltr'><strong>mane</strong></span> <span class='ocrx_word' id='word_1_137' title='bbox 1322 2659 1405 2724; x_wconf 81' lang='lat' dir='ltr'><strong>adiit</strong></span> 
     </span>
     <span class='ocr_line' id='line_1_20' title="bbox 452 2765 1406 2852; baseline -0.003 -22"><span class='ocrx_word' id='word_1_138' title='bbox 452 2766 494 2830; x_wconf 85' lang='lat' dir='ltr'><strong>ad</strong></span> <span class='ocrx_word' id='word_1_139' title='bbox 510 2767 697 2852; x_wconf 89' lang='lat' dir='ltr'><strong>episcopum</strong></span> <span class='ocrx_word' id='word_1_140' title='bbox 715 2767 871 2845; x_wconf 78' lang='lat' dir='ltr'><strong>civitatis;</strong></span> <span class='ocrx_word' id='word_1_141' title='bbox 900 2777 934 2830; x_wconf 88' lang='lat' dir='ltr'><strong>et</strong></span> <span class='ocrx_word' id='word_1_142' title='bbox 948 2767 1056 2832; x_wconf 87' lang='lat' dir='ltr'><strong>auditu</strong></span> <span class='ocrx_word' id='word_1_143' title='bbox 1071 2789 1129 2850; x_wconf 87' lang='lat' dir='ltr'><strong>per</strong></span> <span class='ocrx_word' id='word_1_144' title='bbox 1143 2789 1216 2831; x_wconf 89' lang='lat' dir='ltr'><strong>eum</strong></span> <span class='ocrx_word' id='word_1_145' title='bbox 1235 2765 1406 2830; x_wconf 80' lang='lat' dir='ltr'><strong>sanctitate</strong></span> 
     </span>
     <span class='ocr_line' id='line_1_21' title="bbox 452 2867 1399 2946; baseline -0.004 -14"><span class='ocrx_word' id='word_1_146' title='bbox 452 2869 607 2946; x_wconf 80' lang='lat' dir='ltr'><strong>Anselmi‚</strong></span> <span class='ocrx_word' id='word_1_147' title='bbox 616 2871 733 2932; x_wconf 88' lang='lat' dir='ltr'><strong>lectum</strong></span> <span class='ocrx_word' id='word_1_148' title='bbox 745 2890 787 2932; x_wconf 86' lang='lat' dir='ltr'><strong>ex</strong></span> <span class='ocrx_word' id='word_1_149' title='bbox 799 2881 875 2932; x_wconf 88' lang='lat' dir='ltr'><strong>tunc</strong></span> <span class='ocrx_word' id='word_1_150' title='bbox 887 2868 921 2931; x_wconf 89' lang='lat' dir='ltr'><strong>in</strong></span> <span class='ocrx_word' id='word_1_151' title='bbox 934 2869 1021 2932; x_wconf 88' lang='lat' dir='ltr'><strong>omni</strong></span> <span class='ocrx_word' id='word_1_152' title='bbox 1034 2869 1210 2931; x_wconf 81' lang='lat' dir='ltr'><strong>reverentia</strong></span> <span class='ocrx_word' id='word_1_153' title='bbox 1219 2867 1399 2931; x_wconf 83' lang='lat' dir='ltr'><strong>custodivit.</strong></span> 
     </span>
     <span class='ocr_line' id='line_1_22' title="bbox 452 2966 1402 3051; baseline -0.004 -21"><span class='ocrx_word' id='word_1_154' title='bbox 452 2969 560 3041; x_wconf 90' lang='lat' dir='ltr'><strong>Quum</strong></span> <span class='ocrx_word' id='word_1_155' title='bbox 576 2979 679 3032; x_wconf 82' lang='lat' dir='ltr'><strong>nutem</strong></span> <span class='ocrx_word' id='word_1_156' title='bbox 699 2968 891 3050; x_wconf 87' lang='lat' dir='ltr'><strong>Lugdunum</strong></span> <span class='ocrx_word' id='word_1_157' title='bbox 916 2967 1247 3051; x_wconf 83' lang='lat' dir='ltr'><strong>appropinquassent3</strong></span> <span class='ocrx_word' id='word_1_158' title='bbox 1277 2966 1402 3028; x_wconf 83' lang='lat' dir='ltr'><strong>erlel·</strong></span> 
     </span>
     <span class='ocr_line' id='line_1_23' title="bbox 453 3069 1401 3155; baseline -0.003 -23"><span class='ocrx_word' id='word_1_159' title='bbox 453 3090 526 3132; x_wconf 84' lang='lat' dir='ltr'><strong>nrus</strong></span> <span class='ocrx_word' id='word_1_160' title='bbox 550 3091 635 3155; x_wconf 74' lang='lat' dir='ltr'><strong>saepe</strong></span> <span class='ocrx_word' id='word_1_161' title='bbox 661 3069 765 3134; x_wconf 89' lang='lat' dir='ltr'><strong>dictus</strong></span> <span class='ocrx_word' id='word_1_162' title='bbox 795 3070 835 3132; x_wconf 85' lang='lat' dir='ltr'><strong>ab</strong></span> <span class='ocrx_word' id='word_1_163' title='bbox 866 3069 1109 3152; x_wconf 87' lang='lat' dir='ltr'><strong>archiepiscopo</strong></span> <span class='ocrx_word' id='word_1_164' title='bbox 1138 3089 1335 3146; x_wconf 78' lang='lat' dir='ltr'><strong>recessurus,</strong></span> <span class='ocrx_word' id='word_1_165' title='bbox 1360 3088 1401 3130; x_wconf 82' lang='lat' dir='ltr'><strong>ex</strong></span> 
     </span>
     <span class='ocr_line' id='line_1_24' title="bbox 451 3168 1405 3256; baseline 0.003 -28"><span class='ocrx_word' id='word_1_166' title='bbox 451 3181 543 3256; x_wconf 81' lang='lat' dir='ltr'><strong>parte</strong></span> <span class='ocrx_word' id='word_1_167' title='bbox 568 3172 651 3252; x_wconf 85' lang='lat' dir='ltr'><strong>regis</strong></span> <span class='ocrx_word' id='word_1_168' title='bbox 678 3173 803 3252; x_wconf 82' lang='lat' dir='ltr'><strong>Angliae</strong></span> <span class='ocrx_word' id='word_1_169' title='bbox 829 3171 980 3249; x_wconf 90' lang='lat' dir='ltr'><strong>inhibuit,</strong></span> <span class='ocrx_word' id='word_1_170' title='bbox 1006 3192 1048 3232; x_wconf 89' lang='lat' dir='ltr'><strong>ne</strong></span> <span class='ocrx_word' id='word_1_171' title='bbox 1075 3171 1225 3251; x_wconf 77' lang='lat' dir='ltr'><strong>Angliam</strong></span> <span class='ocrx_word' id='word_1_172' title='bbox 1254 3168 1405 3250; x_wconf 80' lang='lat' dir='ltr'><strong>ingrede-</strong></span> 
     </span>
     <span class='ocr_line' id='line_1_25' title="bbox 452 3269 1401 3354; baseline -0.002 -20"><span class='ocrx_word' id='word_1_173' title='bbox 452 3282 556 3340; x_wconf 85' lang='lat' dir='ltr'><strong>retur;</strong></span> <span class='ocrx_word' id='word_1_174' title='bbox 580 3271 642 3332; x_wconf 89' lang='lat' dir='ltr'><strong>uisi</strong></span> <span class='ocrx_word' id='word_1_175' title='bbox 657 3272 837 3354; x_wconf 87' lang='lat' dir='ltr'><strong>postposita</strong></span> <span class='ocrx_word' id='word_1_176' title='bbox 851 3271 1034 3335; x_wconf 88' lang='lat' dir='ltr'><strong>obedientia</strong></span> <span class='ocrx_word' id='word_1_177' title='bbox 1056 3269 1343 3354; x_wconf 73' lang='lat' dir='ltr'><strong>sedisapostolicae</strong></span> <span class='ocrx_word' id='word_1_178' title='bbox 1365 3290 1401 3332; x_wconf 90' lang='lat' dir='ltr'><strong>se</strong></span> 
     </span>
     <span class='ocr_line' id='line_1_26' title="bbox 452 3367 1401 3454; baseline -0.002 -20"><span class='ocrx_word' id='word_1_179' title='bbox 452 3367 700 3434; x_wconf 88' lang='lat' dir='ltr'><strong>consuetudines</strong></span> <span class='ocrx_word' id='word_1_180' title='bbox 715 3389 824 3432; x_wconf 88' lang='lat' dir='ltr'><strong>omnes</strong></span> <span class='ocrx_word' id='word_1_181' title='bbox 840 3371 1003 3454; x_wconf 86' lang='lat' dir='ltr'><strong>utriusque</strong></span> <span class='ocrx_word' id='word_1_182' title='bbox 1020 3371 1174 3433; x_wconf 81' lang='lat' dir='ltr'><strong>Willeluri</strong></span> <span class='ocrx_word' id='word_1_183' title='bbox 1194 3391 1306 3453; x_wconf 84' lang='lat' dir='ltr'><strong>regum</strong></span> <span class='ocrx_word' id='word_1_184' title='bbox 1327 3392 1401 3452; x_wconf 91' lang='lat' dir='ltr'><strong>pro-</strong></span> 
     </span>
    </p>

    <p class='ocr_par' dir='ltr' id='par_1_4' title="bbox 430 3467 1406 4468">
     <span class='ocr_line' id='line_1_27' title="bbox 430 3467 1401 3534; baseline 0 0"><span class='ocrx_word' id='word_1_185' title='bbox 430 3470 589 3534; x_wconf 72' lang='lat' dir='ltr'><strong>‘mitteret</strong></span> <span class='ocrx_word' id='word_1_186' title='bbox 612 3467 749 3532; x_wconf 87' lang='lat' dir='ltr'><strong>fideliter</strong></span> <span class='ocrx_word' id='word_1_187' title='bbox 774 3481 981 3534; x_wconf 78' lang='lat' dir='ltr'><strong>servaturum.</strong></span> <span class='ocrx_word' id='word_1_188' title='bbox 1023 3471 1160 3534; x_wconf 87' lang='lat' dir='ltr'><strong>Miratur</strong></span> <span class='ocrx_word' id='word_1_189' title='bbox 1182 3471 1252 3534; x_wconf 82' lang='lat' dir='ltr'><strong>hoec</strong></span> <span class='ocrx_word' id='word_1_190' title='bbox 1279 3471 1401 3534; x_wconf 87' lang='lat' dir='ltr'><strong>archie-</strong></span> 
     </span>
     <span class='ocr_line' id='line_1_28' title="bbox 452 3571 1401 3658; baseline -0.001 -22"><span class='ocrx_word' id='word_1_191' title='bbox 452 3573 616 3658; x_wconf 88' lang='lat' dir='ltr'><strong>piscopus,</strong></span> <span class='ocrx_word' id='word_1_192' title='bbox 633 3571 708 3658; x_wconf 85' lang='lat' dir='ltr'><strong>quia</strong></span> <span class='ocrx_word' id='word_1_193' title='bbox 722 3572 785 3636; x_wconf 88' lang='lat' dir='ltr'><strong>alia</strong></span> <span class='ocrx_word' id='word_1_194' title='bbox 800 3571 986 3636; x_wconf 87' lang='lat' dir='ltr'><strong>conditione</strong></span> <span class='ocrx_word' id='word_1_195' title='bbox 1001 3572 1142 3644; x_wconf 75' lang='lat' dir='ltr'><strong>exierat3</strong></span> <span class='ocrx_word' id='word_1_196' title='bbox 1174 3575 1292 3637; x_wconf 83' lang='lat' dir='ltr'><strong>mansit</strong></span> <span class='ocrx_word' id='word_1_197' title='bbox 1314 3574 1401 3655; x_wconf 80' lang='lat' dir='ltr'><strong>Lug-</strong></span> 
     </span>
     <span class='ocr_line' id='line_1_29' title="bbox 453 3674 1402 3760; baseline 0.001 -23"><span class='ocrx_word' id='word_1_198' title='bbox 453 3675 551 3744; x_wconf 86' lang='lat' dir='ltr'><strong>duui;</strong></span> <span class='ocrx_word' id='word_1_199' title='bbox 592 3687 625 3738; x_wconf 83' lang='lat' dir='ltr'><strong>et</strong></span> <span class='ocrx_word' id='word_1_200' title='bbox 653 3694 712 3737; x_wconf 84' lang='lat' dir='ltr'><strong>rex</strong></span> <span class='ocrx_word' id='word_1_201' title='bbox 743 3675 906 3738; x_wconf 86' lang='lat' dir='ltr'><strong>Henricus</strong></span> <span class='ocrx_word' id='word_1_202' title='bbox 935 3695 1046 3739; x_wconf 86' lang='lat' dir='ltr'><strong>omues</strong></span> <span class='ocrx_word' id='word_1_203' title='bbox 1083 3674 1304 3757; x_wconf 87' lang='lat' dir='ltr'><strong>possessiones</strong></span> <span class='ocrx_word' id='word_1_204' title='bbox 1331 3676 1402 3760; x_wconf 86' lang='lat' dir='ltr'><strong>ejus</strong></span> 
     </span>
     <span class='ocr_line' id='line_1_30' title="bbox 452 3773 1402 3858; baseline 0.003 -21"><span class='ocrx_word' id='word_1_205' title='bbox 452 3774 616 3837; x_wconf 90' lang='lat' dir='ltr'><strong>Willelmo</strong></span> <span class='ocrx_word' id='word_1_206' title='bbox 636 3773 786 3837; x_wconf 88' lang='lat' dir='ltr'><strong>redeunte</strong></span> <span class='ocrx_word' id='word_1_207' title='bbox 808 3776 962 3858; x_wconf 65' lang='lat' dir='ltr'><strong>proecepit</strong></span> <span class='ocrx_word' id='word_1_208' title='bbox 981 3775 1161 3839; x_wconf 82' lang='lat' dir='ltr'><strong>confiscari.</strong></span> <span class='ocrx_word' id='word_1_209' title='bbox 1207 3777 1337 3839; x_wconf 80' lang='lat' dir='ltr'><strong>interim</strong></span> <span class='ocrx_word' id='word_1_210' title='bbox 1359 3777 1402 3840; x_wconf 86' lang='lat' dir='ltr'><strong>sd</strong></span> 
     </span>
     <span class='ocr_line' id='line_1_31' title="bbox 452 3875 1402 3960; baseline 0.001 -19"><span class='ocrx_word' id='word_1_211' title='bbox 452 3876 639 3941; x_wconf 85' lang='lat' dir='ltr'><strong>Anselmum</strong></span> <span class='ocrx_word' id='word_1_212' title='bbox 669 3875 702 3940; x_wconf 90' lang='lat' dir='ltr'><strong>in</strong></span> <span class='ocrx_word' id='word_1_213' title='bbox 732 3875 901 3938; x_wconf 89' lang='lat' dir='ltr'><strong>oratorium</strong></span> <span class='ocrx_word' id='word_1_214' title='bbox 936 3897 1042 3940; x_wconf 84' lang='lat' dir='ltr'><strong>caecus</strong></span> <span class='ocrx_word' id='word_1_215' title='bbox 1071 3877 1202 3960; x_wconf 86' lang='lat' dir='ltr'><strong>quidam</strong></span> <span class='ocrx_word' id='word_1_216' title='bbox 1232 3877 1402 3953; x_wconf 85' lang='lat' dir='ltr'><strong>accedens,</strong></span> 
     </span>
     <span class='ocr_line' id='line_1_32' title="bbox 453 3977 1403 4062; baseline -0.001 -19"><span class='ocrx_word' id='word_1_217' title='bbox 453 3977 593 4043; x_wconf 89' lang='lat' dir='ltr'><strong>obtinuit</strong></span> <span class='ocrx_word' id='word_1_218' title='bbox 608 3987 643 4040; x_wconf 91' lang='lat' dir='ltr'><strong>ut</strong></span> <span class='ocrx_word' id='word_1_219' title='bbox 664 3997 761 4061; x_wconf 88' lang='lat' dir='ltr'><strong>super</strong></span> <span class='ocrx_word' id='word_1_220' title='bbox 782 3979 894 4042; x_wconf 89' lang='lat' dir='ltr'><strong>oculos</strong></span> <span class='ocrx_word' id='word_1_221' title='bbox 916 3977 985 4061; x_wconf 83' lang='lat' dir='ltr'><strong>ejus</strong></span> <span class='ocrx_word' id='word_1_222' title='bbox 1007 3977 1135 4060; x_wconf 81' lang='lat' dir='ltr'><strong>signum</strong></span> <span class='ocrx_word' id='word_1_223' title='bbox 1159 3979 1264 4044; x_wconf 88' lang='lat' dir='ltr'><strong>crucis</strong></span> <span class='ocrx_word' id='word_1_224' title='bbox 1286 3981 1403 4062; x_wconf 84' lang='lat' dir='ltr'><strong>pollice</strong></span> 
     </span>
     <span class='ocr_line' id='line_1_33' title="bbox 451 4079 1402 4164; baseline 0.002 -22"><span class='ocrx_word' id='word_1_225' title='bbox 451 4081 606 4164; x_wconf 81' lang='lat' dir='ltr'><strong>pingeret.</strong></span> <span class='ocrx_word' id='word_1_226' title='bbox 651 4079 742 4143; x_wconf 88' lang='lat' dir='ltr'><strong>Fecit</strong></span> <span class='ocrx_word' id='word_1_227' title='bbox 756 4079 817 4142; x_wconf 93' lang='lat' dir='ltr'><strong>hoc</strong></span> <span class='ocrx_word' id='word_1_228' title='bbox 836 4079 938 4157; x_wconf 86' lang='lat' dir='ltr'><strong>tertio,</strong></span> <span class='ocrx_word' id='word_1_229' title='bbox 955 4079 1067 4142; x_wconf 89' lang='lat' dir='ltr'><strong>dicens</strong></span> <span class='ocrx_word' id='word_1_230' title='bbox 1081 4079 1145 4144; x_wconf 90' lang='lat' dir='ltr'><strong>sic:</strong></span> <span class='ocrx_word' id='word_1_231' title='bbox 1175 4079 1317 4144; x_wconf 87' lang='lat' dir='ltr'><strong>“Virtus</strong></span> <span class='ocrx_word' id='word_1_232' title='bbox 1332 4103 1402 4144; x_wconf 80' lang='lat' dir='ltr'><strong>cru-</strong></span> 
     </span>
     <span class='ocr_line' id='line_1_34' title="bbox 453 4179 1402 4255; baseline 0 -11"><span class='ocrx_word' id='word_1_233' title='bbox 453 4181 501 4244; x_wconf 90' lang='lat' dir='ltr'><strong>cis</strong></span> <span class='ocrx_word' id='word_1_234' title='bbox 523 4180 642 4244; x_wconf 89' lang='lat' dir='ltr'><strong>Christi</strong></span> <span class='ocrx_word' id='word_1_235' title='bbox 666 4179 825 4242; x_wconf 87' lang='lat' dir='ltr'><strong>illuminet</strong></span> <span class='ocrx_word' id='word_1_236' title='bbox 849 4181 960 4241; x_wconf 90' lang='lat' dir='ltr'><strong>oculos</strong></span> <span class='ocrx_word' id='word_1_237' title='bbox 982 4181 1071 4255; x_wconf 79' lang='lat' dir='ltr'><strong>istos,</strong></span> <span class='ocrx_word' id='word_1_238' title='bbox 1086 4192 1118 4243; x_wconf 83' lang='lat' dir='ltr'><strong>et</strong></span> <span class='ocrx_word' id='word_1_239' title='bbox 1139 4183 1181 4243; x_wconf 90' lang='lat' dir='ltr'><strong>ab</strong></span> <span class='ocrx_word' id='word_1_240' title='bbox 1204 4181 1251 4243; x_wconf 90' lang='lat' dir='ltr'><strong>eis</strong></span> <span class='ocrx_word' id='word_1_241' title='bbox 1273 4203 1402 4244; x_wconf 85' lang='lat' dir='ltr'><strong>omnem</strong></span> 
     </span>
     <span class='ocr_line' id='line_1_35' title="bbox 451 4279 1406 4365; baseline 0.001 -21"><span class='ocrx_word' id='word_1_242' title='bbox 451 4282 667 4346; x_wconf 85' lang='lat' dir='ltr'><strong>infirmitatem</strong></span> <span class='ocrx_word' id='word_1_243' title='bbox 692 4280 842 4362; x_wconf 89' lang='lat' dir='ltr'><strong>depellat,</strong></span> <span class='ocrx_word' id='word_1_244' title='bbox 864 4279 1058 4365; x_wconf 73' lang='lat' dir='ltr'><strong>integraque</strong></span> <span class='ocrx_word' id='word_1_245' title='bbox 1080 4282 1209 4344; x_wconf 87' lang='lat' dir='ltr'><strong>sanitati</strong></span> <span class='ocrx_word' id='word_1_246' title='bbox 1231 4283 1406 4346; x_wconf 82' lang='lat' dir='ltr'><strong>restituat.”</strong></span> 
     </span>
     <span class='ocr_line' id='line_1_36' title="bbox 451 4379 1402 4468; baseline 0.003 -21"><span class='ocrx_word' id='word_1_247' title='bbox 451 4383 494 4447; x_wconf 85' lang='lat' dir='ltr'><strong>Et</strong></span> <span class='ocrx_word' id='word_1_248' title='bbox 511 4401 608 4468; x_wconf 90' lang='lat' dir='ltr'><strong>quum</strong></span> <span class='ocrx_word' id='word_1_249' title='bbox 624 4403 678 4444; x_wconf 86' lang='lat' dir='ltr'><strong>cos</strong></span> <span class='ocrx_word' id='word_1_250' title='bbox 694 4379 877 4466; x_wconf 83' lang='lat' dir='ltr'><strong>aspersisset</strong></span> <span class='ocrx_word' id='word_1_251' title='bbox 897 4401 981 4464; x_wconf 85' lang='lat' dir='ltr'><strong>aqua</strong></span> <span class='ocrx_word' id='word_1_252' title='bbox 1004 4381 1214 4458; x_wconf 77' lang='lat' dir='ltr'><strong>sanctificata,</strong></span> <span class='ocrx_word' id='word_1_253' title='bbox 1229 4383 1402 4450; x_wconf 79' lang='lat' dir='ltr'><strong>illuminati</strong></span> 
     </span>
    </p>
   </div>
   <div class='ocr_carea' id='block_1_4' title="bbox 0 0 1818 5317">
    <p class='ocr_par' dir='ltr' id='par_1_5' title="bbox 0 0 1818 5317">
     <span class='ocr_line' id='line_1_37' title="bbox 0 0 1818 5317; baseline 0 0"><span class='ocrx_word' id='word_1_254' title='bbox 0 0 1818 5317; x_wconf 95' lang='lat' dir='ltr'><strong> </strong></span> 
     </span>
    </p>
   </div>
  </div>
 </body>
</html>
