3625 5317
482 734 545 792 236
740 745 877 791 sonuum
892 744 1169 789 sanasautuuusis
1249 727 1355 807 [sacr.
1372 744 1426 788 vu.

481 903 540 965 hoc
563 898 647 985 quod
669 898 833 971 habemus,
848 908 880 959 et
903 916 995 957 omne
1015 895 1073 957 hoc
1093 896 1181 980 quod
1203 896 1308 961 dicere
1322 918 1429 981 possu-

481 1026 562 1081 mus,
585 996 672 1063 uliud
695 1012 743 1061 est
765 1020 785 1059 a
809 1000 897 1060 Deo:
933 1018 989 1059 nec
1009 994 1123 1060 oculus
1145 997 1242 1071 videt,
1263 1020 1322 1061 nec
1344 1021 1430 1063 mens

480 1104 565 1191 capit
587 1100 647 1165 nisi
671 1100 729 1162 hoc
752 1098 801 1161 vel
824 1097 863 1161 sit
887 1097 948 1160 hoe
969 1097 1056 1183 quod
1078 1119 1140 1160 non
1166 1110 1212 1161 est
1241 1096 1341 1163 Deus.
1385 1102 1428 1165 Et

480 1208 562 1271 sicut
578 1225 670 1268 nemo
682 1201 739 1265 scit
750 1222 825 1285 quae
836 1212 911 1263 sunt
923 1198 1069 1275 hominis,
1082 1200 1142 1263 nisi
1153 1200 1282 1286 spiritus
1294 1201 1429 1267 hominis

479 1308 535 1394 qui
557 1320 604 1371 est
622 1306 655 1369 in
673 1302 818 1379 homine;
841 1301 885 1365 sic
903 1323 977 1386 quoe
997 1301 1058 1363 Dei
1077 1314 1152 1364 sunt
1175 1324 1268 1365 nemo
1285 1303 1354 1377 scit,
1371 1305 1428 1367 nisi

481 1407 620 1493 Spiritus
648 1403 707 1467 Dei
735 1416 767 1467 et
794 1400 851 1487 qui
877 1401 974 1465 habet
1001 1401 1155 1486 Spiritum
1181 1402 1260 1467 Dei:
1291 1406 1352 1468 scit
1374 1428 1429 1490 per

481 1505 637 1594 Spiritum
662 1500 722 1565 Dei
745 1522 818 1586 quoe
841 1502 902 1564 Dei
925 1512 1008 1563 sunt.
1052 1499 1104 1564 Ad
1127 1499 1186 1564 hoc
1207 1514 1314 1565 autem
1331 1502 1429 1566 wasi-

480 1608 681 1679 deraudum;
713 1600 810 1688 paulo
832 1600 928 1664 altius
949 1600 1072 1665 aestimo
1097 1602 1315 1687 repetendum.
1360 1604 1429 1667 Tri·

479 1713 541 1777 bus
566 1705 666 1772 oculis
692 1702 778 1766 videt
808 1702 903 1765 homo
932 1702 1055 1765 ratione
1081 1716 1183 1777 utens,
1209 1703 1302 1767 oculo
1328 1704 1429 1767 carnis

481 1838 546 1902 quo
561 1810 647 1875 videt
662 1820 753 1871 extra
768 1828 801 1869 se
817 1803 984 1880 mundum,
999 1818 1032 1867 et
1048 1826 1123 1889 quae
1138 1818 1212 1869 sunt
1234 1808 1267 1870 iu
1289 1805 1429 1883 mundo3

479 1916 571 1982 oculo
593 1912 725 1976 rationis
748 1906 835 1971 videt
860 1911 891 1971 in
916 1929 949 1969 se
974 1909 1114 1969 animum
1140 1920 1173 1971 et
1198 1930 1273 1993 qnae
1298 1923 1373 1974 suut
1396 1913 1428 1976 in

478 2017 604 2093 auimo;
632 2009 726 2075 oculo
747 2005 1032 2092 contemplationis,
1053 2004 1141 2070 videt
1161 2007 1247 2071 intra
1266 2030 1299 2071 se
1322 2013 1427 2074 Deum

478 2132 510 2185 et
525 2141 599 2203 quas
614 2124 689 2178 suut
704 2110 737 2174 ia
760 2112 840 2174 Deo.
886 2108 950 2185 Qui
972 2128 1047 2191 ergo
1069 2108 1224 2194 Spiritum
1250 2111 1313 2174 Dei
1339 2112 1371 2175 in
1396 2136 1428 2176 se

479 2220 609 2297 habent,
620 2227 650 2278 et
665 2213 770 2275 Deum
783 2210 900 2275 habent
911 2223 943 2274 et
961 2211 1065 2274 Deum
1078 2209 1199 2284 videat,
1212 2212 1426 2297 quiaocuium

478 2318 693 2386 illuminatum
710 2311 840 2388 habeut,
856 2334 922 2396 quo
941 2309 1031 2375 Deus
1046 2311 1144 2376 videri
1160 2327 1264 2398 potest
1274 2341 1284 2393 ς
1312 2329 1345 2380 et
1361 2339 1430 2380 sen·

480 2427 565 2488 tiuut
579 2438 642 2481 nou
659 2417 691 2477 in
707 2411 769 2476 alio
786 2415 835 2476 vel
850 2412 1025 2477 secuudum
1048 2411 1136 2477 aliud
1162 2414 1248 2499 quod
1273 2418 1341 2502 ipse
1365 2440 1427 2481 non

481 2539 540 2603 est,
554 2520 608 2587 sed
631 2522 736 2603 ipsum
760 2518 793 2580 in
816 2518 887 2599 ipso
910 2516 997 2601 quod
1021 2529 1079 2591 est,
1103 2517 1189 2602 quod
1214 2541 1352 2602 praesans
1372 2535 1429 2586 est.

483 2629 551 2693 Nec
566 2641 669 2689 tamen
686 2616 718 2682 id
738 2616 871 2701 cogitari
895 2632 1019 2704 potest:
1050 2621 1128 2703 quia
1151 2620 1357 2705 incogitabile
1371 2636 1428 2698 est,

481 2754 538 2796 nec
559 2729 622 2793 dici
648 2734 770 2811 potest:
803 2725 880 2807 quia
906 2721 1065 2785 ineffabile
1087 2736 1147 2798 est,
1168 2722 1223 2785 sed
1246 2723 1376 2789 videtur
1397 2741 1430 2790 et

481 2838 618 2901 sentitur
633 2844 665 2895 et
680 2847 742 2890 nou
757 2826 958 2910 exprimitur.
1005 2822 1071 2897 Qui
1085 2827 1169 2889 enim
1193 2822 1316 2911 aliquid
1340 2827 1429 2908 dicit,

481 2933 656 3004 secuudum
672 2926 793 3012 aliquid
810 2926 887 2990 dicit
899 2938 931 2989 et
943 2925 1066 3009 cogitat
1078 2924 1164 3010 quod
1177 2926 1256 2991 dicit
1267 2938 1300 2990 et
1310 2927 1428 2995 scilicet

480 3036 569 3127 quod
589 3035 678 3099 dicit.
725 3032 831 3097 Deum
855 3030 998 3092 nominas
1011 3039 1043 3090 et
1057 3024 1138 3091 duas
1158 3028 1296 3114 syllabas
1310 3030 1428 3095 formas

481 3153 512 3205 et
543 3150 645 3202 totum
671 3132 789 3196 dixisse
817 3144 924 3214 putas.
969 3127 1056 3205 Quid
1082 3150 1159 3212 ergo
1187 3133 1333 3214 cogitas?
1372 3148 1428 3195 aut

480 3237 587 3327 quale,
602 3254 703 3319 quum
725 3232 806 3296 dicis
826 3234 938 3296 Deus?
968 3232 1002 3295 Si
1017 3233 1101 3293 euim
1124 3233 1229 3295 Deum
1249 3233 1310 3297 sub
1331 3233 1430 3299 hocce

481 3340 606 3403 nornine
621 3333 726 3397 omnia
741 3331 959 3413 inspicientem
971 3328 1022 3393 vei
1038 3334 1182 3395 timorem
1199 3334 1428 3417 interpretaris,

480 3438 554 3525 quis
578 3432 736 3521 explicare
762 3442 867 3516 potest
894 3429 1055 3514 quomodo
1080 3432 1225 3515 inspiciat
1253 3433 1353 3513 Deus,
1380 3434 1427 3497 sei

479 3537 641 3627 quomodo
666 3534 763 3599 timor
786 3532 827 3596 sit
853 3534 966 3595 Deus?
997 3532 1166 3609 Quomodo
1192 3547 1296 3619 potest
1323 3539 1426 3601 timeri

479 3644 566 3729 quod
581 3663 643 3703 non
658 3651 763 3725 potest
778 3636 902 3701 videri?
929 3656 986 3698 nec
1000 3635 1144 3717 cogitari,
1155 3634 1205 3698 vel
1221 3634 1323 3699 scire?
1349 3637 1428 3701 Vide

479 3766 556 3828 ergo
571 3740 649 3827 quid
661 3740 780 3825 cogites
791 3738 840 3801 vei
855 3738 962 3803 dicas:
986 3759 1087 3823 quum
1104 3736 1184 3801 dicis
1200 3740 1298 3801 Deus.
1337 3742 1426 3824 Ergo

477 3866 578 3933 quum
595 3840 674 3905 dicis
698 3844 804 3913 Deus3
836 3844 958 3925 cogitas
980 3839 1068 3925 quod
1086 3840 1193 3903 omnia
1213 3840 1288 3904 fecit
1310 3855 1342 3905 et
1365 3864 1426 3905 noa

478 3946 598 4033 cogitas
613 3940 700 4028 quod
718 3956 765 4005 est
780 3941 846 4027 ipse
861 3942 918 4027 qui
933 3942 1017 4006 iecit.
1059 3940 1170 4005 Minus
1184 3954 1232 4005 est
1248 3955 1350 4006 totum
1366 3943 1426 4007 hoc

478 4048 566 4136 quod
582 4045 672 4120 dicis,
687 4056 719 4109 et
735 4064 795 4105 non
811 4057 859 4106 est
876 4043 935 4106 hoc
950 4056 1052 4108 totum
1069 4044 1137 4128 ipse
1151 4043 1192 4106 de
1213 4065 1280 4129 quo
1302 4044 1380 4109 dicis
1394 4058 1426 4108 et

478 4166 583 4215 tamen
606 4146 645 4210 de
660 4145 731 4231 ipso
753 4144 811 4206 hoc
827 4142 923 4207 dicis:
956 4157 1070 4208 noant
1090 4144 1131 4207 ad
1154 4144 1259 4229 ipsum
1275 4145 1425 4218 accedas3

478 4250 532 4315 sed
549 4262 584 4313 ut
599 4248 660 4332 ipsi
678 4245 924 4332 appropinques.
972 4249 1127 4328 Magnum
1145 4246 1228 4309 euim
1243 4260 1291 4310 est
1311 4246 1429 4311 homini

477 4372 562 4413 nuuc
576 4348 617 4413 ad
634 4351 736 4433 ipsum
752 4347 809 4422 ire,
823 4346 880 4411 etsi
894 4368 956 4409 nou
969 4345 1065 4411 detur
1079 4348 1253 4431 pervenire.
1289 4346 1428 4415 Dabitur
