<?xml version="1.0" encoding="UTF-8"?>
<!DOCTYPE html PUBLIC "-//W3C//DTD XHTML 1.0 Transitional//EN"
    "http://www.w3.org/TR/xhtml1/DTD/xhtml1-transitional.dtd">
<html xmlns="http://www.w3.org/1999/xhtml" xml:lang="en" lang="en">
 <head>
  <title>
</title>
<meta http-equiv="Content-Type" content="text/html;charset=utf-8" />
  <meta name='ocr-system' content='tesseract 3.04.00' />
  <meta name='ocr-capabilities' content='ocr_page ocr_carea ocr_par ocr_line ocrx_word'/>
</head>
<body>
  <div class='ocr_page' id='page_1' title='image "./joannissaresber13johngoog_0291.png"; bbox 0 0 3625 5317; ppageno 0'>
   <div class='ocr_carea' id='block_1_1' title="bbox 784 784 1376 843">
    <p class='ocr_par' dir='ltr' id='par_1_1' title="bbox 784 784 1376 843">
     <span class='ocr_line' id='line_1_1' title="bbox 784 784 1376 843; baseline 0.002 -1"><span class='ocrx_word' id='word_1_1' title='bbox 784 795 1009 843; x_wconf 80' lang='lat' dir='ltr'><strong>nurnermus.</strong></span> <span class='ocrx_word' id='word_1_2' title='bbox 1311 784 1376 843; x_wconf 81' lang='grc'><strong>279</strong></span> 
     </span>
    </p>
   </div>
   <div class='ocr_carea' id='block_1_2' title="bbox 394 947 1372 4447">
    <p class='ocr_par' dir='ltr' id='par_1_2' title="bbox 394 947 1372 4447">
     <span class='ocr_line' id='line_1_2' title="bbox 505 947 1372 1031; baseline 0.001 -19"><span class='ocrx_word' id='word_1_3' title='bbox 505 949 561 1012; x_wconf 85' lang='lat' dir='ltr'><strong>Sic</strong></span> <span class='ocrx_word' id='word_1_4' title='bbox 578 948 673 1011; x_wconf 81' lang='lat' dir='ltr'><strong>servit</strong></span> <span class='ocrx_word' id='word_1_5' title='bbox 688 948 779 1011; x_wconf 85' lang='lat' dir='ltr'><strong>matri</strong></span> <span class='ocrx_word' id='word_1_6' title='bbox 797 947 872 1024; x_wconf 81' lang='lat' dir='ltr'><strong>filiu,</strong></span> <span class='ocrx_word' id='word_1_7' title='bbox 887 970 1007 1031; x_wconf 82' lang='lat' dir='ltr'><strong>sponte</strong></span> <span class='ocrx_word' id='word_1_8' title='bbox 1023 949 1098 1011; x_wconf 84' lang='lat' dir='ltr'><strong>viro.</strong></span> <span class='ocrx_word' id='word_1_9' title='bbox 1291 954 1372 1014; x_wconf 76' lang='grc'><strong>1240</strong></span> 
     </span>
     <span class='ocr_line' id='line_1_3' title="bbox 411 1046 1157 1125; baseline 0 -14"><span class='ocrx_word' id='word_1_10' title='bbox 411 1049 460 1111; x_wconf 84' lang='lat' dir='ltr'><strong>Et</strong></span> <span class='ocrx_word' id='word_1_11' title='bbox 476 1050 503 1111; x_wconf 89' lang='lat' dir='ltr'><strong>si</strong></span> <span class='ocrx_word' id='word_1_12' title='bbox 520 1049 586 1113; x_wconf 84' lang='lat' dir='ltr'><strong>vite</strong></span> <span class='ocrx_word' id='word_1_13' title='bbox 601 1050 683 1113; x_wconf 80' lang='lat' dir='ltr'><strong>soret</strong></span> <span class='ocrx_word' id='word_1_14' title='bbox 698 1046 865 1113; x_wconf 81' lang='lat' dir='ltr'><strong>Ciceronis</strong></span> <span class='ocrx_word' id='word_1_15' title='bbox 880 1070 1026 1113; x_wconf 88' lang='lat' dir='ltr'><strong>consone</strong></span> <span class='ocrx_word' id='word_1_16' title='bbox 1041 1050 1157 1125; x_wconf 81' lang='lat' dir='ltr'><strong>verbis,</strong></span> 
     </span>
     <span class='ocr_line' id='line_1_4' title="bbox 503 1148 1188 1231; baseline 0 -20"><span class='ocrx_word' id='word_1_17' title='bbox 503 1150 541 1211; x_wconf 91' lang='lat' dir='ltr'><strong>ln</strong></span> <span class='ocrx_word' id='word_1_18' title='bbox 557 1148 689 1211; x_wconf 88' lang='lat' dir='ltr'><strong>summis</strong></span> <span class='ocrx_word' id='word_1_19' title='bbox 704 1158 827 1231; x_wconf 85' lang='lat' dir='ltr'><strong>poterat</strong></span> <span class='ocrx_word' id='word_1_20' title='bbox 841 1150 1002 1213; x_wconf 78' lang='lat' dir='ltr'><strong>maximus</strong></span> <span class='ocrx_word' id='word_1_21' title='bbox 1017 1169 1088 1213; x_wconf 88' lang='lat' dir='ltr'><strong>csse</strong></span> <span class='ocrx_word' id='word_1_22' title='bbox 1105 1149 1188 1213; x_wconf 84' lang='lat' dir='ltr'><strong>viris.</strong></span> 
     </span>
     <span class='ocr_line' id='line_1_5' title="bbox 409 1248 1206 1333; baseline 0.001 -20"><span class='ocrx_word' id='word_1_23' title='bbox 409 1248 461 1313; x_wconf 86' lang='lat' dir='ltr'><strong>Os</strong></span> <span class='ocrx_word' id='word_1_24' title='bbox 475 1248 618 1313; x_wconf 88' lang='lat' dir='ltr'><strong>hominis</strong></span> <span class='ocrx_word' id='word_1_25' title='bbox 631 1249 740 1312; x_wconf 90' lang='lat' dir='ltr'><strong>cuncti</strong></span> <span class='ocrx_word' id='word_1_26' title='bbox 755 1250 918 1325; x_wconf 77' lang='lat' dir='ltr'><strong>mirentur,</strong></span> <span class='ocrx_word' id='word_1_27' title='bbox 932 1270 999 1313; x_wconf 91' lang='lat' dir='ltr'><strong>non</strong></span> <span class='ocrx_word' id='word_1_28' title='bbox 1013 1250 1059 1312; x_wconf 80' lang='lat' dir='ltr'><strong>ite</strong></span> <span class='ocrx_word' id='word_1_29' title='bbox 1072 1260 1206 1333; x_wconf 84' lang='lat' dir='ltr'><strong>pectus;</strong></span> 
     </span>
     <span class='ocr_line' id='line_1_6' title="bbox 504 1349 1186 1432; baseline 0.003 -21"><span class='ocrx_word' id='word_1_30' title='bbox 504 1349 678 1431; x_wconf 83' lang='lat' dir='ltr'><strong>Imperium</strong></span> <span class='ocrx_word' id='word_1_31' title='bbox 694 1350 814 1431; x_wconf 74' lang='lat' dir='ltr'><strong>lingum</strong></span> <span class='ocrx_word' id='word_1_32' title='bbox 829 1349 972 1432; x_wconf 79' lang='lat' dir='ltr'><strong>perluit,</strong></span> <span class='ocrx_word' id='word_1_33' title='bbox 987 1349 1053 1413; x_wconf 91' lang='lat' dir='ltr'><strong>imo</strong></span> <span class='ocrx_word' id='word_1_34' title='bbox 1069 1350 1186 1428; x_wconf 86' lang='lat' dir='ltr'><strong>miuus,</strong></span> 
     </span>
     <span class='ocr_line' id='line_1_7' title="bbox 414 1450 1365 1533; baseline 0.004 -22"><span class='ocrx_word' id='word_1_35' title='bbox 414 1450 507 1513; x_wconf 88' lang='lat' dir='ltr'><strong>lllius</strong></span> <span class='ocrx_word' id='word_1_36' title='bbox 522 1450 650 1532; x_wconf 88' lang='lat' dir='ltr'><strong>eloquio</strong></span> <span class='ocrx_word' id='word_1_37' title='bbox 667 1452 832 1514; x_wconf 80' lang='lat' dir='ltr'><strong>minorent</strong></span> <span class='ocrx_word' id='word_1_38' title='bbox 847 1451 996 1513; x_wconf 82' lang='lat' dir='ltr'><strong>Romane</strong></span> <span class='ocrx_word' id='word_1_39' title='bbox 1011 1460 1165 1533; x_wconf 78' lang='lat' dir='ltr'><strong>potestus,</strong></span> <span class='ocrx_word' id='word_1_40' title='bbox 1283 1456 1365 1515; x_wconf 74' lang='lat' dir='ltr'><strong>lero</strong></span> 
     </span>
     <span class='ocr_line' id='line_1_8' title="bbox 500 1548 1263 1632; baseline 0.004 -21"><span class='ocrx_word' id='word_1_41' title='bbox 500 1551 584 1612; x_wconf 82' lang='lat' dir='ltr'><strong>Num</strong></span> <span class='ocrx_word' id='word_1_42' title='bbox 599 1550 741 1631; x_wconf 78' lang='lat' dir='ltr'><strong>lingum</strong></span> <span class='ocrx_word' id='word_1_43' title='bbox 758 1552 875 1632; x_wconf 78' lang='lat' dir='ltr'><strong>pariter</strong></span> <span class='ocrx_word' id='word_1_44' title='bbox 890 1549 970 1613; x_wconf 85' lang='lat' dir='ltr'><strong>ciris</strong></span> <span class='ocrx_word' id='word_1_45' title='bbox 985 1561 1018 1614; x_wconf 87' lang='lat' dir='ltr'><strong>et</strong></span> <span class='ocrx_word' id='word_1_46' title='bbox 1032 1548 1133 1613; x_wconf 88' lang='lat' dir='ltr'><strong>hostis</strong></span> <span class='ocrx_word' id='word_1_47' title='bbox 1148 1564 1263 1614; x_wconf 78' lang='lat' dir='ltr'><strong>ament</strong></span> 
     </span>
     <span class='ocr_line' id='line_1_9' title="bbox 587 1650 1199 1733; baseline 0 -22"><span class='ocrx_word' id='word_1_48' title='bbox 587 1650 680 1725; x_wconf 78' lang='lat' dir='ltr'><strong>Quod</strong></span> <span class='ocrx_word' id='word_1_49' title='bbox 691 1652 794 1713; x_wconf 76' lang='lat' dir='ltr'><strong>virtus</strong></span> <span class='ocrx_word' id='word_1_50' title='bbox 808 1650 1000 1731; x_wconf 75' lang='lat' dir='ltr'><strong>eloqnentiae</strong></span> <span class='ocrx_word' id='word_1_51' title='bbox 1009 1651 1199 1733; x_wconf 74' lang='lat' dir='ltr'><strong>prasertur.</strong></span> 
     </span>
     <span class='ocr_line' id='line_1_10' title="bbox 410 1749 1236 1834; baseline 0.002 -23"><span class='ocrx_word' id='word_1_52' title='bbox 410 1749 516 1821; x_wconf 84' lang='lat' dir='ltr'><strong>Quem</strong></span> <span class='ocrx_word' id='word_1_53' title='bbox 531 1752 634 1831; x_wconf 81' lang='lat' dir='ltr'><strong>magis</strong></span> <span class='ocrx_word' id='word_1_54' title='bbox 649 1753 756 1815; x_wconf 83' lang='lat' dir='ltr'><strong>erexit</strong></span> <span class='ocrx_word' id='word_1_55' title='bbox 770 1753 879 1827; x_wconf 86' lang='lat' dir='ltr'><strong>virtus,</strong></span> <span class='ocrx_word' id='word_1_56' title='bbox 892 1762 1021 1834; x_wconf 85' lang='lat' dir='ltr'><strong>superet</strong></span> <span class='ocrx_word' id='word_1_57' title='bbox 1036 1750 1236 1829; x_wconf 82' lang='lat' dir='ltr'><strong>Ciceronem,</strong></span> 
     </span>
     <span class='ocr_line' id='line_1_11' title="bbox 500 1851 1207 1935; baseline 0.004 -23"><span class='ocrx_word' id='word_1_58' title='bbox 500 1851 630 1935; x_wconf 74' lang='lat' dir='ltr'><strong>Datque</strong></span> <span class='ocrx_word' id='word_1_59' title='bbox 646 1853 754 1917; x_wconf 89' lang='lat' dir='ltr'><strong>locum</strong></span> <span class='ocrx_word' id='word_1_60' title='bbox 770 1853 842 1917; x_wconf 80' lang='lat' dir='ltr'><strong>vitre</strong></span> <span class='ocrx_word' id='word_1_61' title='bbox 858 1854 969 1933; x_wconf 79' lang='lat' dir='ltr'><strong>lingue</strong></span> <span class='ocrx_word' id='word_1_62' title='bbox 983 1853 1084 1935; x_wconf 79' lang='lat' dir='ltr'><strong>perite</strong></span> <span class='ocrx_word' id='word_1_63' title='bbox 1098 1853 1207 1935; x_wconf 83' lang='lat' dir='ltr'><strong>loqui3</strong></span> 
     </span>
     <span class='ocr_line' id='line_1_12' title="bbox 412 1949 1305 2036; baseline 0.006 -25"><span class='ocrx_word' id='word_1_64' title='bbox 412 1949 497 2011; x_wconf 81' lang='lat' dir='ltr'><strong>Nom</strong></span> <span class='ocrx_word' id='word_1_65' title='bbox 512 1952 657 2033; x_wconf 83' lang='lat' dir='ltr'><strong>quamvis</strong></span> <span class='ocrx_word' id='word_1_66' title='bbox 672 1953 813 2035; x_wconf 76' lang='lat' dir='ltr'><strong>lingrmm</strong></span> <span class='ocrx_word' id='word_1_67' title='bbox 830 1953 954 2030; x_wconf 82' lang='lat' dir='ltr'><strong>formet,</strong></span> <span class='ocrx_word' id='word_1_68' title='bbox 969 1964 1141 2036; x_wconf 80' lang='lat' dir='ltr'><strong>componet</strong></span> <span class='ocrx_word' id='word_1_69' title='bbox 1155 1964 1188 2016; x_wconf 88' lang='lat' dir='ltr'><strong>et</strong></span> <span class='ocrx_word' id='word_1_70' title='bbox 1202 1964 1305 2031; x_wconf 85' lang='lat' dir='ltr'><strong>ectus,</strong></span> 
     </span>
     <span class='ocr_line' id='line_1_13' title="bbox 496 2052 1361 2137; baseline 0.003 -22"><span class='ocrx_word' id='word_1_71' title='bbox 496 2052 612 2116; x_wconf 81' lang='lat' dir='ltr'><strong>Vivere</strong></span> <span class='ocrx_word' id='word_1_72' title='bbox 627 2054 789 2137; x_wconf 72' lang='lat' dir='ltr'><strong>precipue</strong></span> <span class='ocrx_word' id='word_1_73' title='bbox 805 2054 1011 2137; x_wconf 82' lang='lat' dir='ltr'><strong>philosophia</strong></span> <span class='ocrx_word' id='word_1_74' title='bbox 1025 2052 1139 2131; x_wconf 83' lang='lat' dir='ltr'><strong>docet3</strong></span> <span class='ocrx_word' id='word_1_75' title='bbox 1279 2059 1361 2118; x_wconf 79' lang='grc'><strong>1200</strong></span> 
     </span>
     <span class='ocr_line' id='line_1_14' title="bbox 410 2152 1223 2239; baseline 0.009 -27"><span class='ocrx_word' id='word_1_76' title='bbox 410 2152 521 2218; x_wconf 86' lang='lat' dir='ltr'><strong>Vivere</strong></span> <span class='ocrx_word' id='word_1_77' title='bbox 536 2155 658 2219; x_wconf 84' lang='lat' dir='ltr'><strong>sincere</strong></span> <span class='ocrx_word' id='word_1_78' title='bbox 673 2176 746 2238; x_wconf 85' lang='lat' dir='ltr'><strong>pars</strong></span> <span class='ocrx_word' id='word_1_79' title='bbox 761 2156 882 2238; x_wconf 85' lang='lat' dir='ltr'><strong>optime</strong></span> <span class='ocrx_word' id='word_1_80' title='bbox 896 2154 1148 2239; x_wconf 88' lang='lat' dir='ltr'><strong>philosophandi</strong></span> <span class='ocrx_word' id='word_1_81' title='bbox 1163 2168 1223 2234; x_wconf 90' lang='lat' dir='ltr'><strong>est,</strong></span> 
     </span>
     <span class='ocr_line' id='line_1_15' title="bbox 495 2256 1292 2343; baseline 0.005 -24"><span class='ocrx_word' id='word_1_82' title='bbox 495 2256 567 2329; x_wconf 85' lang='lat' dir='ltr'><strong>Qua</strong></span> <span class='ocrx_word' id='word_1_83' title='bbox 581 2258 650 2320; x_wconf 85' lang='lat' dir='ltr'><strong>sine</strong></span> <span class='ocrx_word' id='word_1_84' title='bbox 665 2258 743 2343; x_wconf 89' lang='lat' dir='ltr'><strong>quid</strong></span> <span class='ocrx_word' id='word_1_85' title='bbox 757 2258 889 2343; x_wconf 82' lang='lat' dir='ltr'><strong>prodest</strong></span> <span class='ocrx_word' id='word_1_86' title='bbox 901 2259 1013 2341; x_wconf 78' lang='lat' dir='ltr'><strong>lingue</strong></span> <span class='ocrx_word' id='word_1_87' title='bbox 1027 2256 1168 2323; x_wconf 78' lang='lat' dir='ltr'><strong>diserte?</strong></span> <span class='ocrx_word' id='word_1_88' title='bbox 1191 2258 1292 2323; x_wconf 88' lang='lat' dir='ltr'><strong>nihil!</strong></span> 
     </span>
     <span class='ocr_line' id='line_1_16' title="bbox 409 2356 1201 2442; baseline 0.01 -27"><span class='ocrx_word' id='word_1_89' title='bbox 409 2356 441 2415; x_wconf 92' lang='lat' dir='ltr'>N</span> <span class='ocrx_word' id='word_1_90' title='bbox 443 2376 558 2439; x_wconf 80' lang='lat' dir='ltr'><strong>umque</strong></span> <span class='ocrx_word' id='word_1_91' title='bbox 573 2357 691 2423; x_wconf 84' lang='lat' dir='ltr'><strong>diserte</strong></span> <span class='ocrx_word' id='word_1_92' title='bbox 705 2370 811 2437; x_wconf 80' lang='lat' dir='ltr'><strong>nocet,</strong></span> <span class='ocrx_word' id='word_1_93' title='bbox 825 2360 850 2424; x_wconf 82' lang='lat' dir='ltr'><strong>ei</strong></span> <span class='ocrx_word' id='word_1_94' title='bbox 866 2360 910 2424; x_wconf 87' lang='lat' dir='ltr'><strong>sit</strong></span> <span class='ocrx_word' id='word_1_95' title='bbox 924 2359 1049 2424; x_wconf 79' lang='lat' dir='ltr'><strong>deserte</strong></span> <span class='ocrx_word' id='word_1_96' title='bbox 1064 2379 1201 2442; x_wconf 78' lang='lat' dir='ltr'><strong>superno</strong></span> 
     </span>
     <span class='ocr_line' id='line_1_17' title="bbox 493 2458 1216 2544; baseline 0.003 -25"><span class='ocrx_word' id='word_1_97' title='bbox 493 2458 640 2537; x_wconf 88' lang='lat' dir='ltr'><strong>Munere,</strong></span> <span class='ocrx_word' id='word_1_98' title='bbox 655 2460 826 2543; x_wconf 81' lang='lat' dir='ltr'><strong>prudentes</strong></span> <span class='ocrx_word' id='word_1_99' title='bbox 841 2458 928 2544; x_wconf 91' lang='lat' dir='ltr'><strong>quod</strong></span> <span class='ocrx_word' id='word_1_100' title='bbox 944 2462 1022 2526; x_wconf 80' lang='lat' dir='ltr'><strong>fecit</strong></span> <span class='ocrx_word' id='word_1_101' title='bbox 1035 2480 1105 2524; x_wconf 85' lang='lat' dir='ltr'><strong>esse</strong></span> <span class='ocrx_word' id='word_1_102' title='bbox 1121 2460 1216 2525; x_wconf 86' lang='lat' dir='ltr'><strong>viros.</strong></span> 
     </span>
     <span class='ocr_line' id='line_1_18' title="bbox 404 2555 1357 2645; baseline 0.009 -27"><span class='ocrx_word' id='word_1_103' title='bbox 404 2555 470 2619; x_wconf 86' lang='lat' dir='ltr'><strong>Sed</strong></span> <span class='ocrx_word' id='word_1_104' title='bbox 486 2573 639 2641; x_wconf 78' lang='lat' dir='ltr'><strong>quantum</strong></span> <span class='ocrx_word' id='word_1_105' title='bbox 654 2563 754 2643; x_wconf 78' lang='lat' dir='ltr'><strong>prosit</strong></span> <span class='ocrx_word' id='word_1_106' title='bbox 768 2562 898 2645; x_wconf 85' lang='lat' dir='ltr'><strong>sepiens</strong></span> <span class='ocrx_word' id='word_1_107' title='bbox 913 2562 1075 2635; x_wconf 83' lang='lat' dir='ltr'><strong>facundia,</strong></span> <span class='ocrx_word' id='word_1_108' title='bbox 1091 2563 1214 2642; x_wconf 78' lang='lat' dir='ltr'><strong>lingua,</strong></span> <span class='ocrx_word' id='word_1_109' title='bbox 1275 2567 1357 2627; x_wconf 71' lang='grc'><strong>1255</strong></span> 
     </span>
     <span class='ocr_line' id='line_1_19' title="bbox 493 2658 1152 2743; baseline 0.005 -23"><span class='ocrx_word' id='word_1_110' title='bbox 493 2658 543 2725; x_wconf 90' lang='lat' dir='ltr'><strong>Sit</strong></span> <span class='ocrx_word' id='word_1_111' title='bbox 556 2662 633 2727; x_wconf 90' lang='lat' dir='ltr'><strong>licet</strong></span> <span class='ocrx_word' id='word_1_112' title='bbox 647 2661 794 2743; x_wconf 78' lang='lat' dir='ltr'><strong>insignis,</strong></span> <span class='ocrx_word' id='word_1_113' title='bbox 808 2661 916 2727; x_wconf 89' lang='lat' dir='ltr'><strong>dicere</strong></span> <span class='ocrx_word' id='word_1_114' title='bbox 931 2664 1022 2725; x_wconf 77' lang='lat' dir='ltr'><strong>nulle</strong></span> <span class='ocrx_word' id='word_1_115' title='bbox 1035 2672 1152 2743; x_wconf 78' lang='lat' dir='ltr'><strong>potest</strong></span> 
     </span>
     <span class='ocr_line' id='line_1_20' title="bbox 643 2758 1113 2827; baseline -0.004 -4"><span class='ocrx_word' id='word_1_116' title='bbox 643 2761 695 2823; x_wconf 85' lang='lat' dir='ltr'><strong>De</strong></span> <span class='ocrx_word' id='word_1_117' title='bbox 711 2762 833 2821; x_wconf 80' lang='lat' dir='ltr'><strong>Seneca</strong></span> <span class='ocrx_word' id='word_1_118' title='bbox 847 2767 881 2821; x_wconf 86' lang='lat' dir='ltr'><strong>et</strong></span> <span class='ocrx_word' id='word_1_119' title='bbox 896 2758 1113 2827; x_wconf 74' lang='lat' dir='ltr'><strong>Quintiuuno.</strong></span> 
     </span>
     <span class='ocr_line' id='line_1_21' title="bbox 405 2856 1182 2943; baseline 0.003 -22"><span class='ocrx_word' id='word_1_120' title='bbox 405 2856 576 2943; x_wconf 80' lang='lat' dir='ltr'><strong>Ingenium</strong></span> <span class='ocrx_word' id='word_1_121' title='bbox 591 2857 722 2925; x_wconf 76' lang='lat' dir='ltr'><strong>Senecoe</strong></span> <span class='ocrx_word' id='word_1_122' title='bbox 738 2857 941 2923; x_wconf 84' lang='lat' dir='ltr'><strong>commendet</strong></span> <span class='ocrx_word' id='word_1_123' title='bbox 954 2858 1182 2935; x_wconf 80' lang='lat' dir='ltr'><strong>Quintilianus,</strong></span> 
     </span>
     <span class='ocr_line' id='line_1_22' title="bbox 489 2958 1254 3045; baseline 0 -22"><span class='ocrx_word' id='word_1_124' title='bbox 489 2961 553 3023; x_wconf 87' lang='lat' dir='ltr'><strong>Sed</strong></span> <span class='ocrx_word' id='word_1_125' title='bbox 569 2972 676 3025; x_wconf 81' lang='lat' dir='ltr'><strong>temen</strong></span> <span class='ocrx_word' id='word_1_126' title='bbox 692 2958 837 3045; x_wconf 85' lang='lat' dir='ltr'><strong>ejusdem</strong></span> <span class='ocrx_word' id='word_1_127' title='bbox 852 2961 949 3023; x_wconf 81' lang='lat' dir='ltr'><strong>verbe</strong></span> <span class='ocrx_word' id='word_1_128' title='bbox 963 2959 1136 3042; x_wconf 87' lang='lat' dir='ltr'><strong>stilumque</strong></span> <span class='ocrx_word' id='word_1_129' title='bbox 1151 2970 1254 3033; x_wconf 86' lang='lat' dir='ltr'><strong>notet,</strong></span> 
     </span>
     <span class='ocr_line' id='line_1_23' title="bbox 404 3058 1203 3157; baseline -0.003 -32"><span class='ocrx_word' id='word_1_130' title='bbox 404 3062 472 3125; x_wconf 80' lang='lat' dir='ltr'><strong>Res</strong></span> <span class='ocrx_word' id='word_1_131' title='bbox 487 3058 631 3143; x_wconf 85' lang='lat' dir='ltr'><strong>queritur</strong></span> <span class='ocrx_word' id='word_1_132' title='bbox 645 3080 779 3141; x_wconf 77' lang='lat' dir='ltr'><strong>mugnus</strong></span> <span class='ocrx_word' id='word_1_133' title='bbox 793 3060 898 3140; x_wconf 75' lang='lat' dir='ltr'><strong>frangi</strong></span> <span class='ocrx_word' id='word_1_134' title='bbox 914 3078 1060 3123; x_wconf 87' lang='lat' dir='ltr'><strong>sermone</strong></span> <span class='ocrx_word' id='word_1_135' title='bbox 1075 3060 1203 3157; x_wconf 70' lang='lat' dir='ltr'><strong>⁸01th</strong></span> 
     </span>
     <span class='ocr_line' id='line_1_24' title="bbox 488 3160 1351 3244; baseline 0.005 -21"><span class='ocrx_word' id='word_1_136' title='bbox 488 3160 693 3244; x_wconf 86' lang='lat' dir='ltr'><strong>Dicendique</strong></span> <span class='ocrx_word' id='word_1_137' title='bbox 710 3180 811 3242; x_wconf 80' lang='lat' dir='ltr'><strong>genus</strong></span> <span class='ocrx_word' id='word_1_138' title='bbox 826 3162 929 3242; x_wconf 77' lang='lat' dir='ltr'><strong>arguit</strong></span> <span class='ocrx_word' id='word_1_139' title='bbox 942 3180 1013 3225; x_wconf 80' lang='lat' dir='ltr'><strong>esse</strong></span> <span class='ocrx_word' id='word_1_140' title='bbox 1027 3180 1153 3242; x_wconf 76' lang='lat' dir='ltr'><strong>regum.</strong></span> <span class='ocrx_word' id='word_1_141' title='bbox 1269 3165 1351 3227; x_wconf 83' lang='grc'><strong>1200</strong></span> 
     </span>
     <span class='ocr_line' id='line_1_25' title="bbox 402 3261 1311 3345; baseline 0 -20"><span class='ocrx_word' id='word_1_142' title='bbox 402 3262 573 3345; x_wconf 76' lang='lat' dir='ltr'><strong>Verbaque</strong></span> <span class='ocrx_word' id='word_1_143' title='bbox 581 3261 697 3345; x_wconf 84' lang='lat' dir='ltr'><strong>juncte</strong></span> <span class='ocrx_word' id='word_1_144' title='bbox 711 3281 822 3344; x_wconf 80' lang='lat' dir='ltr'><strong>perum</strong></span> <span class='ocrx_word' id='word_1_145' title='bbox 839 3261 910 3325; x_wconf 90' lang='lat' dir='ltr'><strong>sine</strong></span> <span class='ocrx_word' id='word_1_146' title='bbox 924 3262 1014 3325; x_wconf 82' lang='lat' dir='ltr'><strong>celee</strong></span> <span class='ocrx_word' id='word_1_147' title='bbox 1030 3262 1156 3326; x_wconf 72' lang='lat' dir='ltr'><strong>vocarit</strong></span> <span class='ocrx_word' id='word_1_148' title='bbox 1170 3282 1311 3337; x_wconf 73' lang='lat' dir='ltr'><strong>menam,</strong></span> 
     </span>
     <span class='ocr_line' id='line_1_26' title="bbox 488 3361 1287 3445; baseline 0 -20"><span class='ocrx_word' id='word_1_149' title='bbox 488 3362 576 3426; x_wconf 89' lang='lat' dir='ltr'><strong>Dum</strong></span> <span class='ocrx_word' id='word_1_150' title='bbox 591 3362 716 3445; x_wconf 77' lang='lat' dir='ltr'><strong>peregit</strong></span> <span class='ocrx_word' id='word_1_151' title='bbox 729 3381 859 3425; x_wconf 87' lang='lat' dir='ltr'><strong>sensum</strong></span> <span class='ocrx_word' id='word_1_152' title='bbox 874 3361 1019 3427; x_wconf 84' lang='lat' dir='ltr'><strong>eleusule</strong></span> <span class='ocrx_word' id='word_1_153' title='bbox 1032 3382 1170 3445; x_wconf 72' lang='lat' dir='ltr'><strong>queque</strong></span> <span class='ocrx_word' id='word_1_154' title='bbox 1184 3383 1287 3427; x_wconf 87' lang='lat' dir='ltr'><strong>suum.</strong></span> 
     </span>
     <span class='ocr_line' id='line_1_27' title="bbox 398 3460 1251 3545; baseline 0 -21"><span class='ocrx_word' id='word_1_155' title='bbox 398 3460 465 3524; x_wconf 85' lang='lat' dir='ltr'><strong>Sed</strong></span> <span class='ocrx_word' id='word_1_156' title='bbox 482 3462 626 3545; x_wconf 84' lang='lat' dir='ltr'><strong>quemvis</strong></span> <span class='ocrx_word' id='word_1_157' title='bbox 640 3461 799 3525; x_wconf 77' lang='lat' dir='ltr'><strong>culturum</strong></span> <span class='ocrx_word' id='word_1_158' title='bbox 815 3468 923 3523; x_wconf 84' lang='lat' dir='ltr'><strong>tentus</strong></span> <span class='ocrx_word' id='word_1_159' title='bbox 937 3460 1117 3542; x_wconf 76' lang='lat' dir='ltr'><strong>culpaverit</strong></span> <span class='ocrx_word' id='word_1_160' title='bbox 1130 3472 1251 3538; x_wconf 80' lang='lat' dir='ltr'><strong>auctor,</strong></span> 
     </span>
     <span class='ocr_line' id='line_1_28' title="bbox 485 3560 1126 3643; baseline 0 -18"><span class='ocrx_word' id='word_1_161' title='bbox 485 3560 635 3627; x_wconf 89' lang='lat' dir='ltr'><strong>Obtinuit</strong></span> <span class='ocrx_word' id='word_1_162' title='bbox 649 3562 747 3627; x_wconf 81' lang='lat' dir='ltr'><strong>virtus</strong></span> <span class='ocrx_word' id='word_1_163' title='bbox 761 3572 794 3623; x_wconf 88' lang='lat' dir='ltr'><strong>et</strong></span> <span class='ocrx_word' id='word_1_164' title='bbox 808 3561 899 3625; x_wconf 85' lang='lat' dir='ltr'><strong>stilus</strong></span> <span class='ocrx_word' id='word_1_165' title='bbox 913 3560 985 3642; x_wconf 85' lang='lat' dir='ltr'><strong>ipse</strong></span> <span class='ocrx_word' id='word_1_166' title='bbox 999 3561 1126 3643; x_wconf 60' lang='lat' dir='ltr'><strong>placen</strong></span> 
     </span>
     <span class='ocr_line' id='line_1_29' title="bbox 397 3659 1350 3744; baseline 0.006 -21"><span class='ocrx_word' id='word_1_167' title='bbox 397 3660 485 3725; x_wconf 90' lang='lat' dir='ltr'><strong>Vicit</strong></span> <span class='ocrx_word' id='word_1_168' title='bbox 498 3662 583 3727; x_wconf 88' lang='lat' dir='ltr'><strong>enim</strong></span> <span class='ocrx_word' id='word_1_169' title='bbox 598 3663 672 3726; x_wconf 79' lang='lat' dir='ltr'><strong>vitre</strong></span> <span class='ocrx_word' id='word_1_170' title='bbox 686 3661 823 3744; x_wconf 69' lang='lat' dir='ltr'><strong>gravius</strong></span> <span class='ocrx_word' id='word_1_171' title='bbox 839 3673 871 3724; x_wconf 94' lang='lat' dir='ltr'><strong>et</strong></span> <span class='ocrx_word' id='word_1_172' title='bbox 885 3660 988 3741; x_wconf 81' lang='lat' dir='ltr'><strong>gratie</strong></span> <span class='ocrx_word' id='word_1_173' title='bbox 1001 3659 1102 3735; x_wconf 79' lang='lat' dir='ltr'><strong>verbi,</strong></span> <span class='ocrx_word' id='word_1_174' title='bbox 1267 3668 1350 3729; x_wconf 78' lang='grc'><strong>1200</strong></span> 
     </span>
     <span class='ocr_line' id='line_1_30' title="bbox 484 3748 1238 3843; baseline -0.008 -17"><span class='ocrx_word' id='word_1_175' title='bbox 484 3764 530 3828; x_wconf 86' lang='lat' dir='ltr'><strong>Et</strong></span> <span class='ocrx_word' id='word_1_176' title='bbox 542 3784 628 3827; x_wconf 83' lang='lat' dir='ltr'><strong>nove</strong></span> <span class='ocrx_word' id='word_1_177' title='bbox 642 3762 773 3829; x_wconf 86' lang='lat' dir='ltr'><strong>dicendi</strong></span> <span class='ocrx_word' id='word_1_178' title='bbox 789 3772 879 3843; x_wconf 77' lang='lat' dir='ltr'><strong>grets</strong></span> <span class='ocrx_word' id='word_1_179' title='bbox 893 3760 998 3842; x_wconf 74' lang='lat' dir='ltr'><strong>figura</strong></span> <span class='ocrx_word' id='word_1_180' title='bbox 1011 3759 1080 3823; x_wconf 82' lang='lat' dir='ltr'><strong>suit</strong></span> <span class='ocrx_word' id='word_1_181' title='bbox 1229 3748 1238 3768; x_wconf 74' lang='lat'><strong>⁹</strong></span> 
     </span>
     <span class='ocr_line' id='line_1_31' title="bbox 396 3860 1158 3943; baseline 0.003 -20"><span class='ocrx_word' id='word_1_182' title='bbox 396 3860 526 3926; x_wconf 88' lang='lat' dir='ltr'><strong>Stoicus</strong></span> <span class='ocrx_word' id='word_1_183' title='bbox 542 3872 590 3925; x_wconf 83' lang='lat' dir='ltr'><strong>est</strong></span> <span class='ocrx_word' id='word_1_184' title='bbox 603 3882 687 3940; x_wconf 80' lang='lat' dir='ltr'><strong>scer,</strong></span> <span class='ocrx_word' id='word_1_185' title='bbox 702 3883 823 3927; x_wconf 89' lang='lat' dir='ltr'><strong>morum</strong></span> <span class='ocrx_word' id='word_1_186' title='bbox 840 3860 1036 3942; x_wconf 77' lang='lat' dir='ltr'><strong>compendia</strong></span> <span class='ocrx_word' id='word_1_187' title='bbox 1048 3871 1158 3943; x_wconf 80' lang='lat' dir='ltr'><strong>captet</strong></span> 
     </span>
     <span class='ocr_line' id='line_1_32' title="bbox 482 3961 1249 4044; baseline 0.008 -22"><span class='ocrx_word' id='word_1_188' title='bbox 482 3962 653 4042; x_wconf 73' lang='lat' dir='ltr'><strong>Verbaque</strong></span> <span class='ocrx_word' id='word_1_189' title='bbox 669 3981 794 4044; x_wconf 87' lang='lat' dir='ltr'><strong>semper</strong></span> <span class='ocrx_word' id='word_1_190' title='bbox 807 3962 905 4025; x_wconf 86' lang='lat' dir='ltr'><strong>hebet</strong></span> <span class='ocrx_word' id='word_1_191' title='bbox 919 3961 1067 4026; x_wconf 80' lang='lat' dir='ltr'><strong>rensibus</strong></span> <span class='ocrx_word' id='word_1_192' title='bbox 1081 3972 1158 4044; x_wconf 82' lang='lat' dir='ltr'><strong>epte</strong></span> <span class='ocrx_word' id='word_1_193' title='bbox 1172 3964 1249 4028; x_wconf 81' lang='lat' dir='ltr'><strong>suis.</strong></span> 
     </span>
     <span class='ocr_line' id='line_1_33' title="bbox 426 4058 1317 4141; baseline 0.007 -20"><span class='ocrx_word' id='word_1_194' title='bbox 426 4059 524 4127; x_wconf 86' lang='lat' dir='ltr'><strong>Quod</strong></span> <span class='ocrx_word' id='word_1_195' title='bbox 531 4060 669 4138; x_wconf 72' lang='lat' dir='ltr'><strong>pectides</strong></span> <span class='ocrx_word' id='word_1_196' title='bbox 684 4078 793 4123; x_wconf 78' lang='lat' dir='ltr'><strong>omnes</strong></span> <span class='ocrx_word' id='word_1_197' title='bbox 806 4068 940 4140; x_wconf 82' lang='lat' dir='ltr'><strong>ruperat</strong></span> <span class='ocrx_word' id='word_1_198' title='bbox 957 4058 1215 4126; x_wconf 71' lang='lat' dir='ltr'><strong>Christianorum</strong></span> <span class='ocrx_word' id='word_1_199' title='bbox 1220 4061 1317 4141; x_wconf 75' lang='lat' dir='ltr'><strong>fider.</strong></span> 
     </span>
     <span class='ocr_line' id='line_1_34' title="bbox 395 4161 1191 4244; baseline -0.001 -19"><span class='ocrx_word' id='word_1_200' title='bbox 395 4162 461 4225; x_wconf 86' lang='lat' dir='ltr'><strong>Sed</strong></span> <span class='ocrx_word' id='word_1_201' title='bbox 478 4182 536 4226; x_wconf 87' lang='lat' dir='ltr'><strong>cur</strong></span> <span class='ocrx_word' id='word_1_202' title='bbox 550 4162 686 4243; x_wconf 83' lang='lat' dir='ltr'><strong>gentiles</strong></span> <span class='ocrx_word' id='word_1_203' title='bbox 701 4182 845 4238; x_wconf 86' lang='lat' dir='ltr'><strong>numero,</strong></span> <span class='ocrx_word' id='word_1_204' title='bbox 860 4182 944 4243; x_wconf 87' lang='lat' dir='ltr'><strong>quos</strong></span> <span class='ocrx_word' id='word_1_205' title='bbox 959 4183 1044 4227; x_wconf 87' lang='lat' dir='ltr'><strong>error</strong></span> <span class='ocrx_word' id='word_1_206' title='bbox 1058 4161 1191 4244; x_wconf 74' lang='lat' dir='ltr'><strong>adegit?</strong></span> 
     </span>
     <span class='ocr_line' id='line_1_35' title="bbox 483 4259 1346 4346; baseline 0.003 -18"><span class='ocrx_word' id='word_1_207' title='bbox 483 4263 598 4328; x_wconf 83' lang='lat' dir='ltr'><strong>Omnis</strong></span> <span class='ocrx_word' id='word_1_208' title='bbox 611 4264 696 4325; x_wconf 88' lang='lat' dir='ltr'><strong>euim</strong></span> <span class='ocrx_word' id='word_1_209' title='bbox 711 4262 792 4331; x_wconf 71' lang='lat' dir='ltr'><strong>ratio</strong></span> <span class='ocrx_word' id='word_1_210' title='bbox 808 4259 921 4326; x_wconf 86' lang='lat' dir='ltr'><strong>deficit</strong></span> <span class='ocrx_word' id='word_1_211' title='bbox 935 4265 1057 4346; x_wconf 76' lang='lat' dir='ltr'><strong>ubsque</strong></span> <span class='ocrx_word' id='word_1_212' title='bbox 1071 4261 1148 4325; x_wconf 86' lang='lat' dir='ltr'><strong>fide.</strong></span> <span class='ocrx_word' id='word_1_213' title='bbox 1265 4268 1346 4331; x_wconf 83' lang='grc'><strong>1210</strong></span> 
     </span>
     <span class='ocr_line' id='line_1_36' title="bbox 394 4362 1161 4447; baseline -0.007 -20"><span class='ocrx_word' id='word_1_214' title='bbox 394 4364 601 4428; x_wconf 67' lang='lat' dir='ltr'><strong>Christicolae</strong></span> <span class='ocrx_word' id='word_1_215' title='bbox 616 4363 677 4427; x_wconf 89' lang='lat' dir='ltr'><strong>soli</strong></span> <span class='ocrx_word' id='word_1_216' title='bbox 693 4363 831 4447; x_wconf 85' lang='lat' dir='ltr'><strong>sepiunt,</strong></span> <span class='ocrx_word' id='word_1_217' title='bbox 846 4375 878 4427; x_wconf 93' lang='lat' dir='ltr'><strong>et</strong></span> <span class='ocrx_word' id='word_1_218' title='bbox 893 4362 1161 4445; x_wconf 77' lang='lat' dir='ltr'><strong>philosophantur</strong></span> 
     </span>
    </p>
   </div>
   <div class='ocr_carea' id='block_1_3' title="bbox 0 0 1818 5317">
    <p class='ocr_par' dir='ltr' id='par_1_3' title="bbox 0 0 1818 5317">
     <span class='ocr_line' id='line_1_37' title="bbox 0 0 1818 5317; baseline 0 5"><span class='ocrx_word' id='word_1_219' title='bbox 0 0 1818 5317; x_wconf 95' lang='lat' dir='ltr'><strong> </strong></span> 
     </span>
    </p>
   </div>
  </div>
 </body>
</html>
