3625 5317
763 806 986 853 uutuutlcus.

403 959 488 1021 Vicit
502 958 633 1021 avaritia
648 958 784 1035 Midam,
800 960 924 1024 feritate
938 962 1074 1035 leonem,

446 1072 452 1083 '
490 1060 637 1124 Astutam
653 1061 781 1142 vulpem
795 1058 961 1125 fraudibus
975 1072 1072 1143 atquo
1087 1060 1182 1137 dolis,

405 1160 467 1231 Qui
474 1161 629 1243 populum
636 1162 759 1242 pressit,
765 1162 820 1243 qui
823 1160 1262 1244 juscoutempsitetmquum,
1271 1163 1353 1222 1800

491 1263 564 1333 Quo
579 1262 676 1343 lupus
691 1271 726 1323 et
740 1261 832 1342 tigris
846 1262 953 1325 mitior
967 1262 1073 1325 omnis
1086 1273 1171 1337 erst3

406 1360 482 1423 Plus
496 1380 552 1422 sue
567 1361 722 1441 pollutus,
737 1362 849 1443 quovis
865 1362 1061 1442 petulantior
1074 1362 1174 1440 hirco,

493 1460 649 1525 Venditor
663 1462 821 1538 ecclesiae,
835 1462 1017 1545 proditioue
1032 1474 1158 1546 potens,

406 1562 579 1643 Sanguinis
593 1564 725 1626 humani
740 1564 879 1645 cupidus
894 1563 1078 1648 vindexque
1092 1564 1240 1641 serarum,

494 1662 557 1738 Qui
571 1663 664 1727 titulo
679 1664 763 1746 regis
779 1665 928 1746 publicus
942 1663 1044 1727 hostis
1058 1674 1135 1728 erat.
1180 1691 1184 1699 ·
1270 1663 1355 1726 1810

406 1764 538 1827 Ponitur
552 1766 719 1847 exemplar
732 1765 841 1845 legum
855 1767 1075 1849 populumque
1088 1763 1233 1844 regendi,

491 1864 537 1927 Et
551 1865 633 1927 bene
650 1864 777 1927 vivendi
792 1865 930 1929 formula
943 1875 1033 1927 certa
1047 1863 1151 1927 datm.

405 1964 496 2027 Juvit
509 1986 582 2027 eum
597 1966 687 2047 pacis
703 1966 818 2041 cultus,
833 1966 892 2030 sed
908 1987 994 2029 more
1010 1966 1146 2049 tyranni,

493 2066 646 2131 Comeret
660 2079 695 2130 ut
709 2067 847 2150 pedibus
862 2067 991 2131 subdita
1006 2076 1123 2130 cuneta
1136 2067 1212 2129 suis.

409 2167 483 2230 Hoc
498 2169 559 2231 sub
573 2188 647 2249 rege
661 2168 758 2251 lupus
772 2168 885 2231 metuit
899 2166 1074 2249 suspendia
1087 2186 1221 2250 pauper,
1274 2170 1356 2231 1810

492 2270 626 2331 Absolvi
641 2268 766 2351 dignus,
781 2269 810 2331 si
824 2269 899 2332 dare
914 2268 1017 2350 possit
1031 2287 1143 2341 ovom;

409 2368 444 2430 Si
459 2366 533 2431 dare
547 2380 658 2452 posset
672 2390 764 2432 ovem
780 2369 925 2433 furtivam
942 2388 999 2431 seu
1014 2368 1195 2445 violentam,

494 2469 642 2532 Ablatam
658 2468 771 2547 viduae,
787 2480 864 2533 tune
880 2481 948 2533 erat
961 2470 1085 2551 absque
1099 2476 1195 2544 nota;

408 2568 472 2639 Qui
488 2567 618 2633 tondere
633 2590 732 2653 pecus
747 2581 873 2652 poterat
886 2572 983 2652 lupus
996 2580 1031 2633 01
1045 2568 1119 2631 dare
1133 2567 1239 2633 100001

495 2670 647 2747 Noverat,
661 2671 713 2735 hic
729 2672 852 2746 insons,
865 2670 921 2733 hic
936 2690 996 2733 ove
1011 2666 1127 2748 diguus
1141 2678 1217 2732 erat.
1275 2675 1356 2735 1800

409 2772 483 2833 Non
497 2772 611 2835 nocuit
624 2771 712 2852 vulpi
727 2770 869 2833 fraudem
884 2769 1000 2831 fecisse
1014 2766 1134 2828 volenti

495 2872 579 2936 Cum
594 2880 722 2951 pastore
738 2890 830 2933 suum
844 2869 1036 2954 participare
1049 2867 1183 2929 lucrum.

409 2972 485 3035 Vox
500 2980 569 3035 erat
584 2968 695 3033 auditu
711 2971 852 3034 convicti
867 2970 968 3050 digna
981 2965 1131 3030 latronis:

484 3069 621 3155 ¹Dicens
635 3068 676 3131 de
691 3069 776 3150 regis
791 3068 927 3132 utilitate
940 3069 1065 3150 loquar.

408 3172 493 3233 Nam
507 3169 568 3243 fur,
581 3180 757 3233 consortem
774 3169 830 3254 qui
840 3189 950 3249 regem
961 3166 1050 3230 ducit
1060 3164 1257 3245 habendum,
1276 3171 1357 3231 1800

495 3269 571 3331 Non
587 3268 672 3351 perit
687 3280 719 3332 et
727 3270 835 3353 justos
849 3288 937 3350 steps
951 3266 1054 3352 perire
1070 3264 1156 3328 iacit.

409 3369 474 3433 Sed
489 3389 584 3433 cruce
600 3368 718 3450 dignus
733 3368 786 3432 hic
803 3378 862 3445 est,
876 3368 933 3450 qui
946 3368 1030 3430 furto
1045 3365 1132 3429 solus
1145 3365 1306 3431 inhssrens

495 3469 570 3534 Nou
587 3479 677 3534 curat
690 3470 798 3533 socius
806 3468 930 3553 judicis
944 3488 1013 3531 osse
1027 3468 1089 3531 sui.

410 3566 607 3631 Criminibus
616 3567 723 3651 judex
737 3568 840 3651 pretio
856 3568 997 3631 sociatur
1010 3585 1134 3637 avarus,

497 3668 703 3752 absolvitque
719 3688 792 3731 reos
806 3667 1043 3748 immeritosque
1057 3673 1162 3728 necat.
1276 3670 1358 3729 1880

446 3766 541 3833 Quod
555 3766 732 3847 Hyrcanos
745 3767 911 3829 modernis
919 3761 1142 3847 pravitatibus
1155 3770 1188 3826 et
1201 3765 1360 3844 oripiaem

697 3866 786 3929 dedic
798 3874 832 3928 et
844 3866 1078 3929 auctoritatem,

413 3968 567 4030 11001110
582 3979 713 4030 manant
727 3967 767 4029 de
777 3969 859 4051 juris
874 3968 973 4044 fonte,
988 3964 1074 4049 quod
1088 3966 1164 4030 olim

494 4065 642 4131 Tradidit
657 4068 833 4137 Hircunus,
849 4068 1054 4150 officiumque
1069 4086 1171 4129 suum.

410 4166 559 4230 Officium
575 4166 641 4247 regi
656 4165 819 4228 conforme
834 4166 902 4243 1011,
917 4166 994 4249 quia
1009 4177 1147 4229 mentem

497 4264 645 4331 Auctoris
661 4265 804 4348 sequitur
818 4265 987 4345 ingeniosa
1000 4284 1124 4328 manus.

409 4370 494 4431 lulis
509 4372 563 4433 lex
581 4369 636 4431 illo
653 4366 803 4429 dormivit
819 4386 893 4447 rege
911 4366 1050 4447 sepulta,
1278 4370 1360 4433 1888
