<?xml version="1.0" encoding="UTF-8"?>
<!DOCTYPE html PUBLIC "-//W3C//DTD XHTML 1.0 Transitional//EN"
    "http://www.w3.org/TR/xhtml1/DTD/xhtml1-transitional.dtd">
<html xmlns="http://www.w3.org/1999/xhtml" xml:lang="en" lang="en">
 <head>
  <title>
</title>
<meta http-equiv="Content-Type" content="text/html;charset=utf-8" />
  <meta name='ocr-system' content='tesseract 3.04.00' />
  <meta name='ocr-capabilities' content='ocr_page ocr_carea ocr_par ocr_line ocrx_word'/>
</head>
<body>
  <div class='ocr_page' id='page_1' title='image "./joannissaresber13johngoog_0301.png"; bbox 0 0 3625 5317; ppageno 0'>
   <div class='ocr_carea' id='block_1_1' title="bbox 744 780 1336 843">
    <p class='ocr_par' dir='ltr' id='par_1_1' title="bbox 744 780 1336 843">
     <span class='ocr_line' id='line_1_1' title="bbox 744 780 1336 843; baseline -0.008 0"><span class='ocrx_word' id='word_1_1' title='bbox 744 790 967 843; x_wconf 77' lang='lat' dir='ltr'><strong>nsnnnmcos.</strong></span> <span class='ocrx_word' id='word_1_2' title='bbox 1054 822 1059 832; x_wconf 77' lang='lat'><strong>·</strong></span> <span class='ocrx_word' id='word_1_3' title='bbox 1272 780 1336 839; x_wconf 73' lang='lat'><strong>289</strong></span> 
     </span>
    </p>
   </div>
   <div class='ocr_carea' id='block_1_2' title="bbox 374 950 1335 4539">
    <p class='ocr_par' dir='ltr' id='par_1_2' title="bbox 374 950 1335 4539">
     <span class='ocr_line' id='line_1_2' title="bbox 467 950 1181 1034; baseline -0.004 -20"><span class='ocrx_word' id='word_1_4' title='bbox 467 950 621 1029; x_wconf 86' lang='lat' dir='ltr'><strong>Nomina,</strong></span> <span class='ocrx_word' id='word_1_5' title='bbox 636 971 669 1013; x_wconf 89' lang='lat' dir='ltr'><strong>se</strong></span> <span class='ocrx_word' id='word_1_6' title='bbox 686 951 785 1014; x_wconf 89' lang='lat' dir='ltr'><strong>solam</strong></span> <span class='ocrx_word' id='word_1_7' title='bbox 801 960 891 1013; x_wconf 88' lang='lat' dir='ltr'><strong>secta</strong></span> <span class='ocrx_word' id='word_1_8' title='bbox 905 950 1043 1034; x_wconf 86' lang='lat' dir='ltr'><strong>superba</strong></span> <span class='ocrx_word' id='word_1_9' title='bbox 1056 950 1181 1032; x_wconf 84' lang='lat' dir='ltr'><strong>probat</strong></span> 
     </span>
     <span class='ocr_line' id='line_1_3' title="bbox 378 1048 1271 1136; baseline 0 -23"><span class='ocrx_word' id='word_1_10' title='bbox 378 1048 478 1115; x_wconf 88' lang='lat' dir='ltr'><strong>Unde</strong></span> <span class='ocrx_word' id='word_1_11' title='bbox 493 1064 599 1117; x_wconf 86' lang='lat' dir='ltr'><strong>tamen</strong></span> <span class='ocrx_word' id='word_1_12' title='bbox 614 1053 754 1136; x_wconf 87' lang='lat' dir='ltr'><strong>populns</strong></span> <span class='ocrx_word' id='word_1_13' title='bbox 769 1053 830 1117; x_wconf 90' lang='lat' dir='ltr'><strong>sibi</strong></span> <span class='ocrx_word' id='word_1_14' title='bbox 846 1052 1018 1116; x_wconf 88' lang='lat' dir='ltr'><strong>commoda</strong></span> <span class='ocrx_word' id='word_1_15' title='bbox 1032 1052 1147 1135; x_wconf 84' lang='lat' dir='ltr'><strong>qnaerit</strong></span> <span class='ocrx_word' id='word_1_16' title='bbox 1160 1048 1271 1127; x_wconf 78' lang='lat' dir='ltr'><strong>otiati,</strong></span> 
     </span>
     <span class='ocr_line' id='line_1_4' title="bbox 470 1151 1077 1235; baseline 0 -19"><span class='ocrx_word' id='word_1_17' title='bbox 470 1154 561 1225; x_wconf 89' lang='lat' dir='ltr'><strong>Quos</strong></span> <span class='ocrx_word' id='word_1_18' title='bbox 575 1153 693 1235; x_wconf 87' lang='lat' dir='ltr'><strong>pariter</strong></span> <span class='ocrx_word' id='word_1_19' title='bbox 706 1152 789 1215; x_wconf 79' lang='lat' dir='ltr'><strong>fallit</strong></span> <span class='ocrx_word' id='word_1_20' title='bbox 804 1152 952 1216; x_wconf 78' lang='lat' dir='ltr'><strong>utilitatis</strong></span> <span class='ocrx_word' id='word_1_21' title='bbox 967 1151 1077 1216; x_wconf 84' lang='lat' dir='ltr'><strong>amor?</strong></span> 
     </span>
     <span class='ocr_line' id='line_1_5' title="bbox 378 1252 1143 1335; baseline 0 -20"><span class='ocrx_word' id='word_1_22' title='bbox 378 1252 478 1330; x_wconf 86' lang='lat' dir='ltr'><strong>Pane,</strong></span> <span class='ocrx_word' id='word_1_23' title='bbox 493 1274 591 1329; x_wconf 89' lang='lat' dir='ltr'><strong>mero,</strong></span> <span class='ocrx_word' id='word_1_24' title='bbox 605 1252 723 1335; x_wconf 89' lang='lat' dir='ltr'><strong>pannis</strong></span> <span class='ocrx_word' id='word_1_25' title='bbox 738 1253 870 1333; x_wconf 79' lang='lat' dir='ltr'><strong>vulgato</strong></span> <span class='ocrx_word' id='word_1_26' title='bbox 886 1274 972 1315; x_wconf 90' lang='lat' dir='ltr'><strong>more</strong></span> <span class='ocrx_word' id='word_1_27' title='bbox 985 1253 1143 1331; x_wconf 77' lang='lat' dir='ltr'><strong>iniuntur,</strong></span> 
     </span>
     <span class='ocr_line' id='line_1_6' title="bbox 468 1352 1329 1439; baseline -0.005 -22"><span class='ocrx_word' id='word_1_28' title='bbox 468 1356 513 1419; x_wconf 91' lang='lat' dir='ltr'><strong>Et</strong></span> <span class='ocrx_word' id='word_1_29' title='bbox 527 1356 645 1439; x_wconf 89' lang='lat' dir='ltr'><strong>placet,</strong></span> <span class='ocrx_word' id='word_1_30' title='bbox 660 1366 695 1417; x_wconf 93' lang='lat' dir='ltr'><strong>ut</strong></span> <span class='ocrx_word' id='word_1_31' title='bbox 708 1355 814 1432; x_wconf 89' lang='lat' dir='ltr'><strong>nobis,</strong></span> <span class='ocrx_word' id='word_1_32' title='bbox 827 1355 916 1418; x_wconf 88' lang='lat' dir='ltr'><strong>lauta</strong></span> <span class='ocrx_word' id='word_1_33' title='bbox 929 1354 1038 1417; x_wconf 89' lang='lat' dir='ltr'><strong>eulina</strong></span> <span class='ocrx_word' id='word_1_34' title='bbox 1053 1354 1126 1416; x_wconf 92' lang='lat' dir='ltr'><strong>sibi.</strong></span> <span class='ocrx_word' id='word_1_35' title='bbox 1244 1352 1329 1415; x_wconf 88' lang='grc'><strong>1570</strong></span> 
     </span>
     <span class='ocr_line' id='line_1_7' title="bbox 374 1455 1208 1540; baseline -0.001 -22"><span class='ocrx_word' id='word_1_36' title='bbox 374 1455 513 1519; x_wconf 86' lang='lat' dir='ltr'><strong>Divitias</strong></span> <span class='ocrx_word' id='word_1_37' title='bbox 528 1466 670 1539; x_wconf 87' lang='lat' dir='ltr'><strong>captant,</strong></span> <span class='ocrx_word' id='word_1_38' title='bbox 679 1455 773 1540; x_wconf 81' lang='lat' dir='ltr'><strong>juvat</strong></span> <span class='ocrx_word' id='word_1_39' title='bbox 786 1457 909 1539; x_wconf 81' lang='lat' dir='ltr'><strong>absque</strong></span> <span class='ocrx_word' id='word_1_40' title='bbox 924 1456 1034 1518; x_wconf 87' lang='lat' dir='ltr'><strong>labore</strong></span> <span class='ocrx_word' id='word_1_41' title='bbox 1048 1456 1208 1536; x_wconf 88' lang='lat' dir='ltr'><strong>voluptas,</strong></span> 
     </span>
     <span class='ocr_line' id='line_1_8' title="bbox 466 1552 1237 1638; baseline -0.001 -20"><span class='ocrx_word' id='word_1_42' title='bbox 466 1556 513 1618; x_wconf 91' lang='lat' dir='ltr'><strong>Et</strong></span> <span class='ocrx_word' id='word_1_43' title='bbox 526 1556 614 1638; x_wconf 89' lang='lat' dir='ltr'><strong>capit</strong></span> <span class='ocrx_word' id='word_1_44' title='bbox 627 1552 786 1617; x_wconf 86' lang='lat' dir='ltr'><strong>interdum</strong></span> <span class='ocrx_word' id='word_1_45' title='bbox 800 1553 921 1617; x_wconf 88' lang='lat' dir='ltr'><strong>blanda</strong></span> <span class='ocrx_word' id='word_1_46' title='bbox 934 1556 1101 1637; x_wconf 85' lang='lat' dir='ltr'><strong>latensque</strong></span> <span class='ocrx_word' id='word_1_47' title='bbox 1116 1556 1237 1617; x_wconf 86' lang='lat' dir='ltr'><strong>Venus.</strong></span> 
     </span>
     <span class='ocr_line' id='line_1_9' title="bbox 378 1653 1180 1737; baseline -0.004 -16"><span class='ocrx_word' id='word_1_48' title='bbox 378 1656 470 1721; x_wconf 85' lang='lat' dir='ltr'><strong>Seria</strong></span> <span class='ocrx_word' id='word_1_49' title='bbox 484 1676 570 1719; x_wconf 88' lang='lat' dir='ltr'><strong>nunc</strong></span> <span class='ocrx_word' id='word_1_50' title='bbox 585 1656 718 1737; x_wconf 79' lang='lat' dir='ltr'><strong>agitant,</strong></span> <span class='ocrx_word' id='word_1_51' title='bbox 734 1654 829 1718; x_wconf 93' lang='lat' dir='ltr'><strong>modo</strong></span> <span class='ocrx_word' id='word_1_52' title='bbox 845 1653 966 1718; x_wconf 89' lang='lat' dir='ltr'><strong>cedunt</strong></span> <span class='ocrx_word' id='word_1_53' title='bbox 978 1654 1061 1717; x_wconf 87' lang='lat' dir='ltr'><strong>seria</strong></span> <span class='ocrx_word' id='word_1_54' title='bbox 1073 1654 1180 1735; x_wconf 81' lang='lat' dir='ltr'><strong>nugis,</strong></span> 
     </span>
     <span class='ocr_line' id='line_1_10' title="bbox 467 1753 1188 1839; baseline 0.003 -22"><span class='ocrx_word' id='word_1_55' title='bbox 467 1753 511 1820; x_wconf 88' lang='lat' dir='ltr'><strong>Et</strong></span> <span class='ocrx_word' id='word_1_56' title='bbox 525 1756 723 1821; x_wconf 84' lang='lat' dir='ltr'><strong>stomachum</strong></span> <span class='ocrx_word' id='word_1_57' title='bbox 740 1757 848 1839; x_wconf 87' lang='lat' dir='ltr'><strong>placat</strong></span> <span class='ocrx_word' id='word_1_58' title='bbox 862 1755 968 1818; x_wconf 85' lang='lat' dir='ltr'><strong>hostia</strong></span> <span class='ocrx_word' id='word_1_59' title='bbox 983 1765 1073 1837; x_wconf 78' lang='lat' dir='ltr'><strong>grata</strong></span> <span class='ocrx_word' id='word_1_60' title='bbox 1086 1756 1188 1837; x_wconf 75' lang='lat' dir='ltr'><strong>gulte3</strong></span> 
     </span>
     <span class='ocr_line' id='line_1_11' title="bbox 379 1857 1331 1940; baseline -0.002 -19"><span class='ocrx_word' id='word_1_61' title='bbox 379 1858 484 1921; x_wconf 75' lang='lat' dir='ltr'><strong>Escae</strong></span> <span class='ocrx_word' id='word_1_62' title='bbox 499 1857 552 1920; x_wconf 86' lang='lat' dir='ltr'><strong>dat</strong></span> <span class='ocrx_word' id='word_1_63' title='bbox 566 1878 736 1920; x_wconf 88' lang='lat' dir='ltr'><strong>commune</strong></span> <span class='ocrx_word' id='word_1_64' title='bbox 751 1857 865 1931; x_wconf 83' lang='lat' dir='ltr'><strong>iorum,</strong></span> <span class='ocrx_word' id='word_1_65' title='bbox 881 1868 1055 1940; x_wconf 90' lang='lat' dir='ltr'><strong>potumque</strong></span> <span class='ocrx_word' id='word_1_66' title='bbox 1070 1859 1202 1920; x_wconf 77' lang='lat' dir='ltr'><strong>taberna</strong></span> <span class='ocrx_word' id='word_1_67' title='bbox 1248 1860 1331 1921; x_wconf 84' lang='grc'><strong>1575</strong></span> 
     </span>
     <span class='ocr_line' id='line_1_12' title="bbox 466 1956 1127 2035; baseline -0.003 -14"><span class='ocrx_word' id='word_1_68' title='bbox 466 1956 666 2033; x_wconf 89' lang='lat' dir='ltr'><strong>Communis,</strong></span> <span class='ocrx_word' id='word_1_69' title='bbox 681 1968 782 2020; x_wconf 86' lang='lat' dir='ltr'><strong>vestes</strong></span> <span class='ocrx_word' id='word_1_70' title='bbox 796 1976 862 2020; x_wconf 86' lang='lat' dir='ltr'><strong>una</strong></span> <span class='ocrx_word' id='word_1_71' title='bbox 876 1957 1033 2019; x_wconf 81' lang='lat' dir='ltr'><strong>ministrat</strong></span> <span class='ocrx_word' id='word_1_72' title='bbox 1046 1958 1127 2035; x_wconf 85' lang='lat' dir='ltr'><strong>ovis,</strong></span> 
     </span>
     <span class='ocr_line' id='line_1_13' title="bbox 379 2059 1179 2142; baseline -0.001 -19"><span class='ocrx_word' id='word_1_73' title='bbox 379 2059 446 2123; x_wconf 85' lang='lat' dir='ltr'><strong>Sed</strong></span> <span class='ocrx_word' id='word_1_74' title='bbox 461 2060 501 2122; x_wconf 87' lang='lat' dir='ltr'><strong>de</strong></span> <span class='ocrx_word' id='word_1_75' title='bbox 514 2059 684 2122; x_wconf 84' lang='lat' dir='ltr'><strong>communi·</strong></span> <span class='ocrx_word' id='word_1_76' title='bbox 694 2068 797 2123; x_wconf 86' lang='lat' dir='ltr'><strong>vestes</strong></span> <span class='ocrx_word' id='word_1_77' title='bbox 811 2060 1022 2142; x_wconf 86' lang='lat' dir='ltr'><strong>alimentaque</strong></span> <span class='ocrx_word' id='word_1_78' title='bbox 1037 2069 1179 2135; x_wconf 87' lang='lat' dir='ltr'><strong>sumunt,</strong></span> 
     </span>
     <span class='ocr_line' id='line_1_14' title="bbox 468 2158 1287 2243; baseline -0.001 -20"><span class='ocrx_word' id='word_1_79' title='bbox 468 2160 653 2223; x_wconf 87' lang='lat' dir='ltr'><strong>Dummodo</strong></span> <span class='ocrx_word' id='word_1_80' title='bbox 668 2160 848 2239; x_wconf 85' lang='lat' dir='ltr'><strong>communis</strong></span> <span class='ocrx_word' id='word_1_81' title='bbox 863 2158 962 2222; x_wconf 86' lang='lat' dir='ltr'><strong>cerdo</strong></span> <span class='ocrx_word' id='word_1_82' title='bbox 976 2160 1018 2223; x_wconf 85' lang='lat' dir='ltr'><strong>sit</strong></span> <span class='ocrx_word' id='word_1_83' title='bbox 1031 2170 1127 2243; x_wconf 88' lang='lat' dir='ltr'><strong>atque</strong></span> <span class='ocrx_word' id='word_1_84' title='bbox 1142 2178 1287 2243; x_wconf 83' lang='lat' dir='ltr'><strong>coquus3</strong></span> 
     </span>
     <span class='ocr_line' id='line_1_15' title="bbox 380 2261 1123 2345; baseline 0 -21"><span class='ocrx_word' id='word_1_85' title='bbox 380 2262 465 2324; x_wconf 91' lang='lat' dir='ltr'><strong>Nam</strong></span> <span class='ocrx_word' id='word_1_86' title='bbox 481 2262 543 2325; x_wconf 90' lang='lat' dir='ltr'><strong>sibi</strong></span> <span class='ocrx_word' id='word_1_87' title='bbox 558 2261 684 2324; x_wconf 90' lang='lat' dir='ltr'><strong>formari</strong></span> <span class='ocrx_word' id='word_1_88' title='bbox 699 2270 804 2325; x_wconf 85' lang='lat' dir='ltr'><strong>vestes</strong></span> <span class='ocrx_word' id='word_1_89' title='bbox 820 2262 1004 2344; x_wconf 87' lang='lat' dir='ltr'><strong>victumque</strong></span> <span class='ocrx_word' id='word_1_90' title='bbox 1019 2261 1123 2345; x_wconf 85' lang='lat' dir='ltr'><strong>parari</strong></span> 
     </span>
     <span class='ocr_line' id='line_1_16' title="bbox 467 2360 1332 2446; baseline 0.001 -23"><span class='ocrx_word' id='word_1_91' title='bbox 467 2360 612 2439; x_wconf 84' lang='lat' dir='ltr'><strong>Lautius,</strong></span> <span class='ocrx_word' id='word_1_92' title='bbox 624 2362 774 2446; x_wconf 82' lang='lat' dir='ltr'><strong>exposcit</strong></span> <span class='ocrx_word' id='word_1_93' title='bbox 787 2382 905 2424; x_wconf 91' lang='lat' dir='ltr'><strong>nomen</strong></span> <span class='ocrx_word' id='word_1_94' title='bbox 920 2361 1084 2445; x_wconf 85' lang='lat' dir='ltr'><strong>honorque</strong></span> <span class='ocrx_word' id='word_1_95' title='bbox 1100 2360 1225 2425; x_wconf 84' lang='lat' dir='ltr'><strong>domus.</strong></span> <span class='ocrx_word' id='word_1_96' title='bbox 1250 2364 1332 2424; x_wconf 86' lang='grc'><strong>1580</strong></span> 
     </span>
     <span class='ocr_line' id='line_1_17' title="bbox 620 2463 1084 2529; baseline 0.004 -2"><span class='ocrx_word' id='word_1_97' title='bbox 620 2463 672 2527; x_wconf 84' lang='lat' dir='ltr'><strong>De</strong></span> <span class='ocrx_word' id='word_1_98' title='bbox 686 2464 844 2528; x_wconf 77' lang='lat' dir='ltr'><strong>Basienis</strong></span> <span class='ocrx_word' id='word_1_99' title='bbox 858 2471 890 2529; x_wconf 84' lang='lat' dir='ltr'><strong>et</strong></span> <span class='ocrx_word' id='word_1_100' title='bbox 904 2464 1084 2529; x_wconf 79' lang='lat' dir='ltr'><strong>Moeoiont&#39;a.</strong></span> 
     </span>
     <span class='ocr_line' id='line_1_18' title="bbox 380 2560 1187 2638; baseline 0.005 -14"><span class='ocrx_word' id='word_1_101' title='bbox 380 2560 549 2625; x_wconf 82' lang='lat' dir='ltr'><strong>Consonat</strong></span> <span class='ocrx_word' id='word_1_102' title='bbox 563 2565 679 2627; x_wconf 84' lang='lat' dir='ltr'><strong>erranti</strong></span> <span class='ocrx_word' id='word_1_103' title='bbox 696 2564 827 2638; x_wconf 77' lang='lat' dir='ltr'><strong>Bauius,</strong></span> <span class='ocrx_word' id='word_1_104' title='bbox 841 2564 1014 2629; x_wconf 86' lang='lat' dir='ltr'><strong>benedicta</strong></span> <span class='ocrx_word' id='word_1_105' title='bbox 1028 2565 1187 2630; x_wconf 86' lang='lat' dir='ltr'><strong>remordet</strong></span> 
     </span>
     <span class='ocr_line' id='line_1_19' title="bbox 468 2662 1203 2747; baseline 0.004 -24"><span class='ocrx_word' id='word_1_106' title='bbox 468 2662 618 2741; x_wconf 70' lang='lat' dir='ltr'><strong>Maevius,</strong></span> <span class='ocrx_word' id='word_1_107' title='bbox 632 2665 790 2727; x_wconf 85' lang='lat' dir='ltr'><strong>oblatrant</strong></span> <span class='ocrx_word' id='word_1_108' title='bbox 802 2686 811 2739; x_wconf 85' lang='lat'>3</span> <span class='ocrx_word' id='word_1_109' title='bbox 827 2685 912 2726; x_wconf 89' lang='lat' dir='ltr'><strong>error</strong></span> <span class='ocrx_word' id='word_1_110' title='bbox 925 2664 1073 2747; x_wconf 89' lang='lat' dir='ltr'><strong>utrinque</strong></span> <span class='ocrx_word' id='word_1_111' title='bbox 1089 2664 1203 2745; x_wconf 79' lang='lat' dir='ltr'><strong>grauis.</strong></span> 
     </span>
     <span class='ocr_line' id='line_1_20' title="bbox 382 2762 1175 2839; baseline 0 -14"><span class='ocrx_word' id='word_1_112' title='bbox 382 2762 527 2833; x_wconf 85' lang='lat' dir='ltr'><strong>Quilibet</strong></span> <span class='ocrx_word' id='word_1_113' title='bbox 540 2764 673 2827; x_wconf 88' lang='lat' dir='ltr'><strong>istorum</strong></span> <span class='ocrx_word' id='word_1_114' title='bbox 689 2762 745 2826; x_wconf 90' lang='lat' dir='ltr'><strong>dat</strong></span> <span class='ocrx_word' id='word_1_115' title='bbox 760 2773 858 2826; x_wconf 86' lang='lat' dir='ltr'><strong>sectae</strong></span> <span class='ocrx_word' id='word_1_116' title='bbox 874 2784 1003 2839; x_wconf 88' lang='lat' dir='ltr'><strong>nomen,</strong></span> <span class='ocrx_word' id='word_1_117' title='bbox 1018 2773 1051 2825; x_wconf 88' lang='lat' dir='ltr'><strong>et</strong></span> <span class='ocrx_word' id='word_1_118' title='bbox 1064 2774 1175 2826; x_wconf 84' lang='lat' dir='ltr'><strong>auctor</strong></span> 
     </span>
     <span class='ocr_line' id='line_1_21' title="bbox 470 2859 1144 2944; baseline 0 -21"><span class='ocrx_word' id='word_1_119' title='bbox 470 2862 591 2925; x_wconf 84' lang='lat' dir='ltr'><strong>Exstat</strong></span> <span class='ocrx_word' id='word_1_120' title='bbox 606 2863 663 2938; x_wconf 92' lang='lat' dir='ltr'><strong>eis,</strong></span> <span class='ocrx_word' id='word_1_121' title='bbox 679 2882 760 2944; x_wconf 92' lang='lat' dir='ltr'><strong>quos</strong></span> <span class='ocrx_word' id='word_1_122' title='bbox 775 2872 809 2925; x_wconf 89' lang='lat' dir='ltr'><strong>tn</strong></span> <span class='ocrx_word' id='word_1_123' title='bbox 825 2882 911 2944; x_wconf 82' lang='lat' dir='ltr'><strong>saepe</strong></span> <span class='ocrx_word' id='word_1_124' title='bbox 927 2859 1034 2924; x_wconf 86' lang='lat' dir='ltr'><strong>videre</strong></span> <span class='ocrx_word' id='word_1_125' title='bbox 1049 2862 1144 2924; x_wconf 90' lang='lat' dir='ltr'><strong>soles.</strong></span> 
     </span>
     <span class='ocr_line' id='line_1_22' title="bbox 381 2961 1332 3044; baseline 0.001 -18"><span class='ocrx_word' id='word_1_126' title='bbox 381 2962 519 3026; x_wconf 70' lang='lat' dir='ltr'><strong>Maevius</strong></span> <span class='ocrx_word' id='word_1_127' title='bbox 534 2970 567 3023; x_wconf 89' lang='lat' dir='ltr'><strong>et</strong></span> <span class='ocrx_word' id='word_1_128' title='bbox 580 2961 700 3024; x_wconf 76' lang='lat' dir='ltr'><strong>Bauius</strong></span> <span class='ocrx_word' id='word_1_129' title='bbox 715 2982 841 3044; x_wconf 86' lang='lat' dir='ltr'><strong>semper</strong></span> <span class='ocrx_word' id='word_1_130' title='bbox 856 2970 1028 3024; x_wconf 84' lang='lat' dir='ltr'><strong>caveantur</strong></span> <span class='ocrx_word' id='word_1_131' title='bbox 1042 2971 1079 3024; x_wconf 92' lang='lat' dir='ltr'><strong>ut</strong></span> <span class='ocrx_word' id='word_1_132' title='bbox 1092 2961 1214 3039; x_wconf 88' lang='lat' dir='ltr'><strong>hostes,</strong></span> <span class='ocrx_word' id='word_1_133' title='bbox 1249 2966 1332 3027; x_wconf 82' lang='grc'><strong>1585</strong></span> 
     </span>
     <span class='ocr_line' id='line_1_23' title="bbox 467 3058 1136 3145; baseline -0.001 -22"><span class='ocrx_word' id='word_1_134' title='bbox 467 3061 513 3123; x_wconf 89' lang='lat' dir='ltr'><strong>Et</strong></span> <span class='ocrx_word' id='word_1_135' title='bbox 528 3058 629 3141; x_wconf 83' lang='lat' dir='ltr'><strong>fugias</strong></span> <span class='ocrx_word' id='word_1_136' title='bbox 645 3060 772 3124; x_wconf 86' lang='lat' dir='ltr'><strong>Catium</strong></span> <span class='ocrx_word' id='word_1_137' title='bbox 787 3082 861 3125; x_wconf 89' lang='lat' dir='ltr'><strong>oum</strong></span> <span class='ocrx_word' id='word_1_138' title='bbox 877 3060 1049 3145; x_wconf 81' lang='lat' dir='ltr'><strong>Corydona</strong></span> <span class='ocrx_word' id='word_1_139' title='bbox 1066 3080 1136 3124; x_wconf 92' lang='lat' dir='ltr'><strong>suo.</strong></span> 
     </span>
     <span class='ocr_line' id='line_1_24' title="bbox 729 3160 1000 3225; baseline -0.004 -1"><span class='ocrx_word' id='word_1_140' title='bbox 729 3160 781 3224; x_wconf 85' lang='lat' dir='ltr'><strong>De</strong></span> <span class='ocrx_word' id='word_1_141' title='bbox 797 3162 1000 3225; x_wconf 80' lang='lat' dir='ltr'><strong>Coriniouis.</strong></span> 
     </span>
     <span class='ocr_line' id='line_1_25' title="bbox 380 3262 1210 3347; baseline 0 -20"><span class='ocrx_word' id='word_1_142' title='bbox 380 3264 487 3335; x_wconf 90' lang='lat' dir='ltr'><strong>Quem</strong></span> <span class='ocrx_word' id='word_1_143' title='bbox 504 3262 602 3325; x_wconf 84' lang='lat' dir='ltr'><strong>vitare</strong></span> <span class='ocrx_word' id='word_1_144' title='bbox 617 3262 743 3345; x_wconf 90' lang='lat' dir='ltr'><strong>nequis,</strong></span> <span class='ocrx_word' id='word_1_145' title='bbox 758 3262 886 3326; x_wconf 84' lang='lat' dir='ltr'><strong>studeas</strong></span> <span class='ocrx_word' id='word_1_146' title='bbox 901 3264 1028 3347; x_wconf 88' lang='lat' dir='ltr'><strong>placare</strong></span> <span class='ocrx_word' id='word_1_147' title='bbox 1044 3264 1210 3344; x_wconf 85' lang='lat' dir='ltr'><strong>Carinum,</strong></span> 
     </span>
     <span class='ocr_line' id='line_1_26' title="bbox 469 3364 1136 3449; baseline 0 -21"><span class='ocrx_word' id='word_1_148' title='bbox 469 3364 571 3449; x_wconf 86' lang='lat' dir='ltr'><strong>Cujus</strong></span> <span class='ocrx_word' id='word_1_149' title='bbox 586 3366 627 3427; x_wconf 97' lang='lat' dir='ltr'><strong>ab</strong></span> <span class='ocrx_word' id='word_1_150' title='bbox 642 3364 771 3428; x_wconf 88' lang='lat' dir='ltr'><strong>arbitrio</strong></span> <span class='ocrx_word' id='word_1_151' title='bbox 787 3384 856 3427; x_wconf 90' lang='lat' dir='ltr'><strong>sors</strong></span> <span class='ocrx_word' id='word_1_152' title='bbox 869 3374 925 3428; x_wconf 90' lang='lat' dir='ltr'><strong>tua</strong></span> <span class='ocrx_word' id='word_1_153' title='bbox 940 3386 1025 3449; x_wconf 81' lang='lat' dir='ltr'><strong>saepe</strong></span> <span class='ocrx_word' id='word_1_154' title='bbox 1041 3366 1136 3430; x_wconf 84' lang='lat' dir='ltr'><strong>venit.</strong></span> 
     </span>
     <span class='ocr_line' id='line_1_27' title="bbox 383 3465 1122 3549; baseline -0.001 -21"><span class='ocrx_word' id='word_1_155' title='bbox 383 3465 446 3529; x_wconf 87' lang='lat' dir='ltr'><strong>illa</strong></span> <span class='ocrx_word' id='word_1_156' title='bbox 459 3486 634 3549; x_wconf 85' lang='lat' dir='ltr'><strong>paucorum</strong></span> <span class='ocrx_word' id='word_1_157' title='bbox 651 3466 728 3529; x_wconf 89' lang='lat' dir='ltr'><strong>satis</strong></span> <span class='ocrx_word' id='word_1_158' title='bbox 743 3476 791 3528; x_wconf 85' lang='lat' dir='ltr'><strong>est</strong></span> <span class='ocrx_word' id='word_1_159' title='bbox 805 3466 958 3529; x_wconf 87' lang='lat' dir='ltr'><strong>meruisse</strong></span> <span class='ocrx_word' id='word_1_160' title='bbox 973 3468 1122 3544; x_wconf 84' lang='lat' dir='ltr'><strong>favorem,</strong></span> 
     </span>
     <span class='ocr_line' id='line_1_28' title="bbox 469 3569 1335 3653; baseline 0.001 -20"><span class='ocrx_word' id='word_1_161' title='bbox 469 3571 508 3633; x_wconf 92' lang='lat' dir='ltr'><strong>In</strong></span> <span class='ocrx_word' id='word_1_162' title='bbox 524 3591 659 3653; x_wconf 90' lang='lat' dir='ltr'><strong>quorum</strong></span> <span class='ocrx_word' id='word_1_163' title='bbox 675 3579 801 3633; x_wconf 88' lang='lat' dir='ltr'><strong>ventres</strong></span> <span class='ocrx_word' id='word_1_164' title='bbox 815 3569 903 3633; x_wconf 88' lang='lat' dir='ltr'><strong>lauta</strong></span> <span class='ocrx_word' id='word_1_165' title='bbox 917 3570 1026 3632; x_wconf 83' lang='lat' dir='ltr'><strong>eulina</strong></span> <span class='ocrx_word' id='word_1_166' title='bbox 1039 3569 1112 3647; x_wconf 88' lang='lat' dir='ltr'><strong>ruit,</strong></span> <span class='ocrx_word' id='word_1_167' title='bbox 1251 3570 1335 3634; x_wconf 88' lang='grc'><strong>1500</strong></span> 
     </span>
     <span class='ocr_line' id='line_1_29' title="bbox 383 3669 1183 3755; baseline 0 -22"><span class='ocrx_word' id='word_1_168' title='bbox 383 3670 525 3743; x_wconf 87' lang='lat' dir='ltr'><strong>Quorum</strong></span> <span class='ocrx_word' id='word_1_169' title='bbox 540 3692 616 3736; x_wconf 87' lang='lat' dir='ltr'><strong>cura</strong></span> <span class='ocrx_word' id='word_1_170' title='bbox 630 3693 749 3755; x_wconf 88' lang='lat' dir='ltr'><strong>penum</strong></span> <span class='ocrx_word' id='word_1_171' title='bbox 764 3671 846 3734; x_wconf 87' lang='lat' dir='ltr'><strong>solet</strong></span> <span class='ocrx_word' id='word_1_172' title='bbox 860 3690 1014 3734; x_wconf 87' lang='lat' dir='ltr'><strong>evacuare</strong></span> <span class='ocrx_word' id='word_1_173' title='bbox 1028 3669 1183 3746; x_wconf 88' lang='lat' dir='ltr'><strong>bibendo,</strong></span> 
     </span>
     <span class='ocr_line' id='line_1_30' title="bbox 469 3771 1173 3856; baseline 0.004 -23"><span class='ocrx_word' id='word_1_174' title='bbox 469 3772 514 3834; x_wconf 91' lang='lat' dir='ltr'><strong>Et</strong></span> <span class='ocrx_word' id='word_1_175' title='bbox 528 3774 616 3836; x_wconf 89' lang='lat' dir='ltr'><strong>bona</strong></span> <span class='ocrx_word' id='word_1_176' title='bbox 630 3773 800 3856; x_wconf 89' lang='lat' dir='ltr'><strong>marsupiis</strong></span> <span class='ocrx_word' id='word_1_177' title='bbox 815 3771 949 3856; x_wconf 87' lang='lat' dir='ltr'><strong>publica</strong></span> <span class='ocrx_word' id='word_1_178' title='bbox 962 3782 1050 3835; x_wconf 81' lang='lat' dir='ltr'><strong>tecta</strong></span> <span class='ocrx_word' id='word_1_179' title='bbox 1063 3772 1173 3836; x_wconf 85' lang='lat' dir='ltr'><strong>latent.</strong></span> 
     </span>
     <span class='ocr_line' id='line_1_31' title="bbox 384 3872 1192 3957; baseline 0.004 -23"><span class='ocrx_word' id='word_1_180' title='bbox 384 3872 430 3934; x_wconf 90' lang='lat' dir='ltr'><strong>Hi</strong></span> <span class='ocrx_word' id='word_1_181' title='bbox 446 3884 592 3935; x_wconf 84' lang='lat' dir='ltr'><strong>metuunt</strong></span> <span class='ocrx_word' id='word_1_182' title='bbox 607 3884 752 3957; x_wconf 89' lang='lat' dir='ltr'><strong>sumptus</strong></span> <span class='ocrx_word' id='word_1_183' title='bbox 767 3874 945 3957; x_wconf 82' lang='lat' dir='ltr'><strong>faciemque</strong></span> <span class='ocrx_word' id='word_1_184' title='bbox 960 3872 1073 3937; x_wconf 85' lang='lat' dir='ltr'><strong>viantis</strong></span> <span class='ocrx_word' id='word_1_185' title='bbox 1087 3874 1192 3952; x_wconf 89' lang='lat' dir='ltr'><strong>amici,</strong></span> 
     </span>
     <span class='ocr_line' id='line_1_32' title="bbox 471 3972 1205 4059; baseline 0.005 -26"><span class='ocrx_word' id='word_1_186' title='bbox 471 3972 558 4034; x_wconf 89' lang='lat' dir='ltr'><strong>Nam</strong></span> <span class='ocrx_word' id='word_1_187' title='bbox 572 3974 722 4035; x_wconf 87' lang='lat' dir='ltr'><strong>meretrix</strong></span> <span class='ocrx_word' id='word_1_188' title='bbox 736 3974 800 4036; x_wconf 92' lang='lat' dir='ltr'><strong>illis</strong></span> <span class='ocrx_word' id='word_1_189' title='bbox 814 3975 888 4055; x_wconf 91' lang='lat' dir='ltr'><strong>plus</strong></span> <span class='ocrx_word' id='word_1_190' title='bbox 903 3975 1073 4056; x_wconf 80' lang='lat' dir='ltr'><strong>peregrina</strong></span> <span class='ocrx_word' id='word_1_191' title='bbox 1087 3976 1205 4059; x_wconf 82' lang='lat' dir='ltr'><strong>placet.</strong></span> 
     </span>
     <span class='ocr_line' id='line_1_33' title="bbox 381 4071 1333 4160; baseline 0.005 -25"><span class='ocrx_word' id='word_1_192' title='bbox 381 4074 471 4154; x_wconf 81' lang='lat' dir='ltr'><strong>Ergo</strong></span> <span class='ocrx_word' id='word_1_193' title='bbox 481 4071 558 4156; x_wconf 92' lang='lat' dir='ltr'><strong>quid</strong></span> <span class='ocrx_word' id='word_1_194' title='bbox 567 4082 733 4155; x_wconf 83' lang='lat' dir='ltr'><strong>expectas,</strong></span> <span class='ocrx_word' id='word_1_195' title='bbox 741 4084 778 4135; x_wconf 86' lang='lat' dir='ltr'><strong>ut</strong></span> <span class='ocrx_word' id='word_1_196' title='bbox 786 4074 828 4136; x_wconf 86' lang='lat' dir='ltr'><strong>sit</strong></span> <span class='ocrx_word' id='word_1_197' title='bbox 839 4075 896 4136; x_wconf 92' lang='lat' dir='ltr'><strong>tibi</strong></span> <span class='ocrx_word' id='word_1_198' title='bbox 908 4074 1096 4139; x_wconf 89' lang='lat' dir='ltr'><strong>commodus</strong></span> <span class='ocrx_word' id='word_1_199' title='bbox 1104 4077 1235 4160; x_wconf 83' lang='lat' dir='ltr'><strong>hospes,</strong></span> <span class='ocrx_word' id='word_1_200' title='bbox 1252 4080 1333 4140; x_wconf 86' lang='grc'><strong>1505</strong></span> 
     </span>
     <span class='ocr_line' id='line_1_34' title="bbox 471 4159 1163 4259; baseline 0 -20"><span class='ocrx_word' id='word_1_201' title='bbox 471 4174 546 4251; x_wconf 89' lang='lat' dir='ltr'><strong>Cui,</strong></span> <span class='ocrx_word' id='word_1_202' title='bbox 560 4174 624 4237; x_wconf 90' lang='lat' dir='ltr'><strong>nisi</strong></span> <span class='ocrx_word' id='word_1_203' title='bbox 638 4172 792 4251; x_wconf 85' lang='lat' dir='ltr'><strong>colludat,</strong></span> <span class='ocrx_word' id='word_1_204' title='bbox 806 4175 897 4239; x_wconf 86' lang='lat' dir='ltr'><strong>nulla</strong></span> <span class='ocrx_word' id='word_1_205' title='bbox 911 4177 1018 4259; x_wconf 88' lang='lat' dir='ltr'><strong>puella</strong></span> <span class='ocrx_word' id='word_1_206' title='bbox 1033 4159 1163 4259; x_wconf 74' lang='lat' dir='ltr'><strong>placei?</strong></span> 
     </span>
     <span class='ocr_line' id='line_1_35' title="bbox 549 4274 1169 4358; baseline -0.005 -16"><span class='ocrx_word' id='word_1_207' title='bbox 549 4274 698 4343; x_wconf 80' lang='lat' dir='ltr'><strong>Qualiter</strong></span> <span class='ocrx_word' id='word_1_208' title='bbox 711 4274 903 4338; x_wconf 77' lang='lat' dir='ltr'><strong>versandum</strong></span> <span class='ocrx_word' id='word_1_209' title='bbox 919 4278 1011 4358; x_wconf 80' lang='lat' dir='ltr'><strong>opud</strong></span> <span class='ocrx_word' id='word_1_210' title='bbox 1024 4278 1169 4358; x_wconf 74' lang='lat' dir='ltr'><strong>hospites.</strong></span> 
     </span>
     <span class='ocr_line' id='line_1_36' title="bbox 382 4372 1151 4458; baseline -0.001 -19"><span class='ocrx_word' id='word_1_211' title='bbox 382 4372 451 4439; x_wconf 81' lang='lat' dir='ltr'><strong>Sed</strong></span> <span class='ocrx_word' id='word_1_212' title='bbox 464 4374 541 4458; x_wconf 88' lang='lat' dir='ltr'><strong>quia</strong></span> <span class='ocrx_word' id='word_1_213' title='bbox 555 4386 647 4457; x_wconf 88' lang='lat' dir='ltr'><strong>turpe</strong></span> <span class='ocrx_word' id='word_1_214' title='bbox 662 4374 758 4437; x_wconf 88' lang='lat' dir='ltr'><strong>nimis</strong></span> <span class='ocrx_word' id='word_1_215' title='bbox 773 4377 932 4458; x_wconf 84' lang='lat' dir='ltr'><strong>peregrini</strong></span> <span class='ocrx_word' id='word_1_216' title='bbox 948 4377 1004 4439; x_wconf 87' lang='lat' dir='ltr'><strong>lite</strong></span> <span class='ocrx_word' id='word_1_217' title='bbox 1020 4376 1151 4453; x_wconf 88' lang='lat' dir='ltr'><strong>moveri,</strong></span> 
     </span>
     <span class='ocr_line' id='line_1_37' title="bbox 429 4492 884 4539; baseline -0.002 -2"><span class='ocrx_word' id='word_1_218' title='bbox 429 4492 501 4538; x_wconf 78' lang='lat' dir='ltr'><strong>von.</strong></span> <span class='ocrx_word' id='word_1_219' title='bbox 516 4494 547 4539; x_wconf 83' lang='lat' dir='ltr'><strong>v.</strong></span> <span class='ocrx_word' id='word_1_220' title='bbox 862 4494 884 4536; x_wconf 85' lang='lat' dir='ltr'><strong>n</strong></span> 
     </span>
    </p>
   </div>
   <div class='ocr_carea' id='block_1_3' title="bbox 0 0 1827 5317">
    <p class='ocr_par' dir='ltr' id='par_1_3' title="bbox 0 0 1827 5317">
     <span class='ocr_line' id='line_1_38' title="bbox 0 0 1827 5317; baseline 0 0"><span class='ocrx_word' id='word_1_221' title='bbox 0 0 1827 5317; x_wconf 95' lang='lat' dir='ltr'><strong> </strong></span> 
     </span>
    </p>
   </div>
  </div>
 </body>
</html>
