3625 5317
396 814 471 861 cae.
488 798 574 879 aru]
758 818 998 865 uurarocrcus.
1310 810 1351 867 85

390 964 548 1050 siquidem
572 968 788 1043 existentium,
805 991 901 1056 quam
927 968 1136 1054 possibilium,
1150 966 1274 1033 facilior
1295 985 1344 1035 est

394 1067 588 1152 assignatio?
615 1068 750 1135 vacillat
764 1070 873 1157 itaque
888 1070 920 1133 in
941 1071 1141 1135 naturalibus
1156 1071 1346 1158 plerumque

393 1166 636 1253 (corporalibus,
667 1184 698 1235 et
733 1170 945 1236 mutabilibus
978 1171 1066 1255 dico)
1096 1175 1180 1236 ratio
1213 1171 1344 1237 demon-

392 1270 532 1334 strandi:
556 1271 611 1335 sed
626 1271 657 1335 in
674 1272 904 1337 mathematicis
915 1271 1127 1337 efficacissime
1141 1275 1342 1340 convalescit.

392 1370 552 1457 Quicquid
578 1374 661 1437 enim
688 1374 720 1439 in
746 1376 897 1455 numeris,
923 1375 1196 1461 proportionibus,
1218 1377 1341 1462 figuris,

393 1469 614 1559 similibusque
628 1475 669 1539 ab
684 1498 720 1539 ea
735 1476 906 1561 colligitur,
923 1476 1143 1541 indubitanter
1157 1499 1268 1541 verum
1283 1492 1343 1557 est,

389 1585 422 1636 et
444 1572 537 1639 aliter
558 1598 625 1640 esse
646 1599 708 1641 non
731 1591 848 1663 potest.
897 1580 1017 1664 Itaque
1039 1578 1079 1643 ad
1103 1578 1341 1643 demonstrandi

389 1672 554 1738 scientiam
569 1698 632 1739 oon
646 1676 776 1761 aspiret,
790 1679 842 1741 cui
857 1676 1037 1763 probabilia
1048 1689 1124 1741 nota
1138 1678 1341 1743 consuerint.

390 1776 651 1841 Demonstrative
665 1799 742 1861 ergo
755 1777 912 1863 principia
926 1778 1099 1840 necessaria
1110 1790 1203 1841 suut:
1227 1775 1342 1841 dialec-

388 1876 463 1953 tice,
478 1878 665 1963 probabilia.
702 1878 799 1943 Unde
814 1892 845 1944 et
862 1878 1058 1943 Dialecticus
1072 1880 1114 1943 ab
1129 1878 1191 1942 illis
1206 1878 1341 1943 abstine-

389 1976 448 2053 bit,
472 2001 546 2064 quoe
569 1976 648 2044 nulli
671 1980 831 2060 videntur,
853 2003 891 2044 ne
913 1980 1071 2045 habeatur
1093 1981 1241 2043 insanus:
1273 1993 1304 2043 et
1322 2004 1342 2044 a

390 2078 575 2159 manifestis,
597 2102 636 2143 ne
663 2080 793 2165 palpare
823 2080 969 2145 videatur
995 2081 1027 2143 iu
1054 2080 1210 2145 tenebris:
1243 2094 1276 2146 et
1301 2083 1341 2147 iis

388 2178 548 2245 duntaxat
562 2181 696 2259 insistet,
710 2206 783 2269 quae
798 2194 855 2247 aut
870 2183 1031 2259 omnibus,
1043 2196 1097 2249 aut
1114 2182 1274 2269 pluribus,
1285 2194 1341 2249 aut

388 2282 568 2369 praecipuis,
582 2284 613 2347 in
631 2308 826 2371 unoquoque
841 2308 993 2370 generum
1010 2299 1086 2349 nota
1100 2299 1204 2350 erunt.

651 2474 730 2559 Cap.
749 2479 798 2537 14.
821 2474 903 2538 Item
920 2477 961 2539 de
974 2477 1088 2539 eodem.

434 2588 611 2655 Pinnetem
625 2591 735 2675 itaque
747 2582 935 2655 Dialecticae
945 2589 1122 2676 probabilia
1137 2604 1229 2665 aunt3
1255 2592 1338 2655 sicut

392 2688 661 2754 Demonstrativae
681 2691 863 2753 necessaria.
909 2690 1046 2768 Quodsi
1067 2691 1145 2776 quid
1164 2691 1340 2774 probabile,

389 2799 422 2851 et
438 2791 644 2855 necessarium
665 2804 724 2869 est,
739 2790 780 2854 ad
797 2805 934 2875 utraque
949 2790 1065 2876 poterit
1080 2792 1256 2875 pertinere:
1285 2790 1341 2853 sed

391 2888 520 2956 aliunde
534 2893 576 2957 ad
591 2893 734 2956 alteram.
767 2890 842 2954 Sola
856 2893 939 2954 enim
956 2891 1162 2975 probabilitas
1176 2890 1342 2954 dialectico

388 2991 514 3057 sufficit.
560 2993 657 3060 Unde
688 2992 801 3056 Cicero
830 2995 861 3057 in
893 2990 1034 3055 secundo
1063 2990 1340 3056 Tusculanarum:

386 3096 457 3157 Nos
479 3097 537 3174 qui
557 3096 721 3176 sequimur
742 3096 929 3177 probabilia,
950 3114 1010 3156 nec
1031 3096 1237 3176 ultraquam
1258 3096 1343 3176 qaod

388 3196 562 3258 mrisimile
598 3198 747 3276 occurrii,
781 3196 935 3277 progredi
965 3215 1146 3277 poseamus,
1184 3204 1216 3259 ct
1250 3194 1342 3281 ripiel-

389 3296 455 3359 lare
468 3298 541 3360 aine
559 3296 748 3373 iracundia,
763 3305 793 3360 et
815 3298 920 3379 refelli
940 3300 1011 3360 aine
1031 3299 1210 3380 pertinacia
1225 3302 1343 3380 parati

387 3418 506 3463 sumus.
554 3397 644 3463 Idem
668 3421 798 3486 quoque
820 3397 915 3463 alibi:
946 3402 1048 3463 Hanc
1068 3402 1158 3464 nobis
1179 3402 1237 3464 dot
1259 3401 1341 3464 Aca-

389 3498 493 3563 demia
505 3506 617 3563 nostra
630 3502 801 3578 licentiam,
812 3507 849 3563 at
861 3502 1015 3583 quicquid
1019 3502 1183 3584 probabile
1191 3504 1340 3577 occurrit,

387 3606 496 3662 nostro
509 3601 587 3679 jare
607 3600 700 3663 liceat
722 3600 895 3685 defendere.
941 3598 1001 3663 Est
1027 3612 1133 3663 autem
1163 3599 1340 3685 probabile,

389 3698 476 3785 quod
491 3699 620 3764 babenti
638 3699 811 3785 judicium,
826 3700 922 3763 etiam
937 3723 957 3763 a
971 3700 1136 3787 superficie
1151 3700 1338 3775 innotescit;

389 3799 433 3864 sic
449 3800 577 3888 quidem
593 3802 627 3864 in
642 3800 803 3877 omuibuS,
819 3813 850 3863 et
866 3823 1001 3887 semper,
1013 3812 1070 3865 aut
1085 3801 1118 3863 in
1133 3800 1341 3885 paucissimis,

388 3914 421 3967 et
436 3902 609 3967 admodum
624 3925 707 3979 raro,
719 3902 813 3967 aliter
827 3902 977 3967 existens.
1015 3902 1108 3981 Quod
1122 3902 1206 3965 enim
1218 3925 1341 3989 semper

389 4004 446 4081 sic,
458 4016 511 4068 aut
527 4002 802 4091 frequentissime;
826 4016 882 4069 aut
899 4003 1064 4089 probabile
1075 4016 1133 4083 est,
1145 4017 1201 4069 aut
1217 4007 1342 4069 videtur

387 4105 564 4192 probabile,
579 4108 638 4172 etsi
655 4107 747 4172 aliter
768 4129 835 4170 esse
857 4107 966 4192 possit.
1010 4110 1117 4171 Tanto
1139 4120 1245 4171 autem
1269 4129 1342 4191 pro·

390 4207 540 4286 habilius,
557 4222 678 4294 quanto
700 4208 830 4273 habenti
848 4208 1008 4295 judicium
1024 4209 1150 4274 facilius
1172 4222 1204 4272 et
1227 4207 1343 4270 certius

387 4311 566 4375 innotescit.
612 4313 691 4377 Sunt
714 4312 796 4373 enirn
822 4311 968 4396 quaedam
993 4323 1083 4374 tanta
1105 4306 1340 4394 probabilitatis

384 4412 456 4477 luce
471 4414 651 4499 conspicua,
666 4425 701 4477 ut
713 4414 808 4478 etiam
821 4412 994 4477 necessaria
1006 4422 1204 4495 reputentur.
1244 4410 1338 4482 Quac-
