3625 5317
486 771 551 832 888
750 781 887 828 rosetus
902 777 1180 826 sanssnunrsusrs

537 937 682 1019 Rogatus
711 943 819 999 autem
847 955 867 996 a
892 931 1033 996 Widone
1060 930 1306 1014 archiepiscopo
1331 925 1456 994 nobilis

496 1032 641 1107 Vienna,
665 1055 737 1117 qum
760 1032 848 1095 dicta
876 1041 926 1094 est
952 1031 1093 1094 maxima
1119 1030 1308 1106 Galliarum,
1333 1029 1456 1093 festivi-

496 1145 592 1198 tatem
607 1135 694 1206 beati
710 1134 865 1210 Mauritii,
880 1153 953 1216 quae
975 1133 1016 1196 ob
1033 1133 1237 1215 praesentiam
1254 1133 1370 1216 capitis
1384 1133 1457 1218 ejus

497 1234 544 1298 ibi
562 1236 706 1298 solennis
727 1245 786 1312 eat,
809 1234 991 1298 celebravit.
1035 1233 1188 1316 Explctis
1209 1233 1338 1307 divinis,
1355 1254 1456 1317 quum

498 1335 538 1401 ad
563 1337 771 1403 reiectionem
796 1336 941 1420 corporis
972 1335 1211 1410 consedissent;
1242 1333 1307 1397 duo
1337 1337 1458 1398 milites

500 1458 579 1501 voce
594 1438 738 1514 tremula,
754 1438 843 1500 voltu
862 1435 1006 1520 pallenti,
1022 1434 1144 1498 debiles
1165 1446 1199 1498 et
1220 1437 1283 1500 sere
1306 1435 1459 1498 membris

500 1539 663 1604 arentibus
685 1539 863 1615 astiterunt,
879 1537 1100 1620 supplicantes
1123 1549 1158 1600 ut
1180 1535 1221 1600 de
1242 1539 1338 1601 micis
1360 1539 1456 1622 panis

501 1640 551 1704 sni
578 1639 619 1703 iis
649 1637 771 1724 aliquid
803 1638 990 1720 dignaretur
1018 1637 1173 1704 conferre.
1219 1641 1261 1702 At
1286 1639 1354 1717 ille,
1375 1640 1458 1704 “Ut

503 1741 616 1806 rideo”
637 1741 753 1826 inquit,
777 1741 796 1774 “
812 1761 878 1804 non
907 1751 973 1804 tam
1003 1739 1097 1806 micis
1120 1760 1215 1823 quarn
1241 1763 1326 1824 pane
1353 1741 1455 1806 solido

503 1842 666 1925 indigetis.
711 1840 886 1907 Abundaut
910 1839 986 1920 cibi,
1008 1853 1039 1904 et
1061 1841 1152 1905 locus
1174 1845 1302 1926 amplus
1324 1851 1395 1919 est3
1415 1843 1458 1906 ite

503 1965 627 2008 sessum
641 1966 716 2008 cunr
730 1942 969 2018 benedictione,
984 1941 1142 2006 comedite
1162 1953 1317 2023 quantum
1333 1943 1459 2005 πνιιὶῑίε,π
1509 1921 1516 1936 ’

505 2045 634 2131 adjecit
647 2045 761 2120 etiam;
781 2043 907 2108 “Nihil
923 2041 1010 2107 eliud
1026 2041 1142 2106 faciam
1157 2043 1261 2120 vohis,
1275 2042 1461 2123 intelligens

506 2170 571 2233 quo
596 2146 838 2212 intendissent.”
882 2145 1016 2208 Vitabat
1037 2143 1122 2206 enim
1147 2144 1319 2227 quicquam
1343 2144 1462 2222 secere,

507 2248 594 2333 quod
615 2249 770 2312 miraculo
793 2257 902 2330 posset
923 2243 1059 2323 ascribi3
1092 2265 1157 2308 non
1180 2245 1266 2308 enim
1289 2267 1382 2310 snam
1405 2248 1462 2312 sed

507 2349 575 2412 Dei
589 2345 722 2428 gloriam
737 2349 923 2432 appetebat,
935 2367 1081 2431 quaerens
1096 2348 1130 2410 in
1144 2347 1295 2411 omnibus
1310 2369 1377 2412 non
1392 2371 1464 2434 qno

505 2472 564 2514 sua
592 2460 677 2527 sunt,
700 2449 760 2512 sed
790 2470 863 2533 qum
885 2450 967 2512 Jesu
993 2448 1123 2514 Christi.
1168 2449 1267 2513 Porro
1293 2471 1314 2513 a
1342 2451 1464 2516 dextris

507 2551 689 2616 sedentium
710 2552 815 2614 sancti
837 2549 894 2612 viri
920 2551 1120 2635 propositum
1142 2549 1266 2628 videos,
1287 2554 1382 2636 quasi
1404 2553 1465 2616 im·

507 2652 700 2739 portunitate
721 2649 898 2736 petentium
915 2650 1029 2728 victus,
1052 2651 1230 2731 fragmenta
1251 2653 1369 2736 rapuit,
1383 2675 1464 2737 prm·

509 2757 645 2840 buitque
659 2752 860 2838 petentibus3
882 2772 1018 2814 mouens
1032 2752 1099 2814 cito
1115 2751 1291 2831 discedere,
1306 2774 1347 2818 ne
1362 2755 1465 2817 honri·

508 2878 585 2922 nem
607 2856 727 2921 diutius
747 2854 925 2936 fatigarent.
979 2853 1130 2930 Gustant,
1156 2862 1288 2918 etcum
1313 2853 1466 2919 henedic-

509 2960 597 3024 tione
622 2957 764 3024 hominis
785 2955 849 3020 Dei
874 2953 1071 3029 recedentes,
1096 2955 1225 3018 sanitati
1249 2977 1270 3019 a
1292 2957 1468 3040 quartanis

511 3060 601 3145 quod
620 3082 664 3124 ex
686 3059 791 3124 verbis
813 3077 923 3120 eorum
945 3054 1096 3135 innotuit,
1111 3057 1199 3120 illico
1222 3059 1362 3122 restituti
1384 3069 1467 3124 sunt.

514 3165 610 3228 Unus
623 3149 807 3245 princip-um
832 3172 922 3224 terrae
937 3159 1024 3222 illius
1045 3159 1157 3223 eodem
1173 3163 1327 3242 languore
1349 3161 1471 3226 diutius

514 3272 662 3337 rexatus,
690 3260 883 3323 famulorum
921 3261 1069 3324 manibus
1103 3261 1138 3323 in
1175 3263 1346 3324 ecelesiam
1384 3261 1470 3325 beati

515 3357 684 3444 Stephani,
713 3358 770 3422 ubi
801 3361 973 3424 Anselmue
1002 3359 1111 3426 divine
1148 3362 1366 3427 celebraturus
1395 3373 1472 3439 erat,

512 3461 665 3530 indoctus
685 3471 752 3538 est3
783 3471 817 3524 et
838 3459 950 3526 audita
971 3463 1071 3528 missa
1098 3484 1197 3528 sanus
1219 3464 1328 3528 exirit
1373 3463 1472 3527 Unde

514 3573 590 3652 post
603 3585 725 3649 paucos
740 3561 811 3628 dies
833 3561 917 3644 patri
940 3563 1057 3646 gratiss
1072 3563 1224 3638 reddidit.
1239 3585 1387 3629 asserens
1403 3587 1438 3630 ee
1452 3587 1474 3629 a

514 3669 658 3735 febribus
672 3664 837 3752 quartanis
851 3663 938 3728 iilius
953 3661 1177 3728 benedictione
1194 3676 1346 3730 curatum.
1369 3667 1474 3730 Acce-

513 3769 626 3852 pitque
647 3767 689 3829 ab
718 3787 758 3828 eo
782 3765 893 3828 salutis
924 3766 1054 3838 monita,
1082 3766 1200 3849 quibus
1223 3768 1401 3830 instructus
1430 3787 1474 3830 ex

516 3867 714 3936 conscientia
728 3867 899 3932 multorum
915 3865 989 3930 Deo
1004 3866 1143 3950 dignius,
1159 3868 1280 3932 mundo
1294 3869 1427 3951 gratius,
1442 3879 1475 3937 et

518 3971 579 4042 sibi
594 3966 703 4035 utilius
717 3969 809 4033 vixit.

563 4073 628 4137 His
662 4073 727 4136 fere
756 4070 955 4154 temporibus
983 4067 1072 4134 eunti
1103 4070 1294 4136 Cluniacum
1325 4073 1475 4138 sacerdon

519 4172 652 4260 quidam
663 4170 812 4247 occurrit,
822 4179 937 4251 petens
952 4183 988 4234 ut
1003 4191 1141 4234 sororem
1153 4193 1244 4236 suom
1259 4172 1292 4234 in
1305 4174 1475 4238 amentiam

519 4295 643 4343 versam
663 4270 821 4354 respicere
842 4280 877 4334 et
897 4269 1091 4336 benedicere
1113 4273 1306 4358 dignaretur.
1358 4278 1403 4338 At
1423 4275 1476 4338 ills

518 4378 607 4440 velut
636 4395 711 4438 aure
740 4370 836 4438 surda
865 4373 1056 4455 pertransiit.
1112 4377 1215 4441 Instat
1240 4377 1418 4460 presbyter,
1445 4389 1476 4440 et
