3625 5317
463 771 524 835 172
697 786 834 833 cosmus
848 785 1134 833 sasasnsnrsasrs
1267 768 1354 849 [ura
1370 788 1413 833 rr.

462 1028 543 1115 Cap.
564 1032 613 1091 16.
634 1026 812 1091 Distinctio
820 1026 1081 1106 multiplicitatis,
1094 1032 1127 1089 et
1140 1026 1226 1107 quoti
1237 1026 1335 1089 bruto
1349 1046 1415 1088 noa

502 1131 620 1195 labant
634 1130 869 1207 rationarium&
882 1128 1062 1191 dimum
1074 1128 1271 1193 otdoantor:
1284 1136 1317 1193 et
1330 1130 1416 1193 cado

503 1236 676 1299 homocum
691 1232 805 1295 sortito
819 1232 861 1293 ait
869 1232 973 1311 jueta
989 1231 1152 1295 Holmoe.

503 1352 732 1417 corrosorius
754 1369 841 1425 vero,
863 1350 896 1413 in
920 1347 1003 1412 libro
1023 1348 1066 1413 de
1094 1350 1212 1427 anima,
1233 1348 1292 1414 tali
1311 1350 1415 1415 utitur

460 1452 662 1519 delinitione:
677 1452 850 1516 Rationem
862 1449 947 1525 dico,
959 1451 1057 1516 animi
1066 1451 1267 1539 probabilem
1276 1466 1413 1527 motum,

463 1554 521 1645 qui
531 1576 588 1641 per
599 1576 648 1632 ea,
664 1573 737 1639 quae
752 1552 983 1633 conceduntur,
997 1566 1029 1616 et
1045 1567 1121 1618 nota
1136 1565 1225 1631 sunt,
1239 1552 1280 1616 ad
1290 1552 1413 1639 aliquid

459 1656 656 1743 incognitum
679 1652 781 1729 ducit,
812 1656 1000 1740 perveniens
1021 1653 1063 1718 ad
1090 1655 1233 1719 veritatis
1253 1677 1413 1719 manum.

460 1762 551 1845 Ergo
564 1771 597 1823 st
612 1759 767 1841 potentio,
782 1768 815 1819 et
825 1758 980 1839 potantiae
993 1764 1110 1833 motus,
1125 1757 1209 1822 ratio
1221 1755 1414 1844 appellatur.

461 1862 562 1927 Hunc
575 1873 682 1925 autem
699 1870 819 1925 motum
834 1856 945 1921 asserit
958 1857 1054 1925 Plato
1074 1858 1106 1921 in
1124 1858 1253 1935 Politia,
1267 1859 1332 1923 rim
1346 1882 1416 1923 essa

459 1958 699 2025 deliberativam
720 1955 846 2032 animae,
864 1978 950 2041 quas,
974 1955 1053 2041 quid
1069 1956 1250 2033 honestum,
1265 1958 1319 2022 rel
1333 1957 1415 2021 utils

459 2060 513 2138 sit,
535 2056 802 2145 appetendumve,
825 2066 881 2122 aut
910 2056 1113 2143 fugiendum,
1137 2058 1278 2142 pensatis
1305 2080 1413 2123 rerum

459 2158 636 2247 speciebus,
646 2158 888 2245 specierumque
897 2158 1235 2247 csusis,jndiciotideli
1243 2160 1412 2226 examinm.

460 2262 592 2329 Habent
601 2260 683 2325 enim
695 2274 727 2326 et
738 2261 836 2327 bruta
843 2260 993 2327 animalia
1007 2263 1073 2327 rim
1089 2260 1230 2347 quodam
1241 2262 1338 2326 modo
1348 2260 1414 2325 dis-

458 2363 621 2441 creticam,
651 2384 716 2449 qua
744 2362 931 2429 discernunt
958 2364 1057 2446 cibos,
1084 2362 1246 2430 declinant
1268 2363 1411 2439 insidias,

458 2463 635 2553 pracipitia
651 2462 845 2542 transiliunt,
865 2465 1130 2531 necessitudinem
1156 2477 1408 2560 recognoscunt:

458 2590 523 2635 non
537 2580 643 2633 tamen
665 2566 818 2633 rationem
841 2581 1004 2645 exercent,
1026 2568 1081 2633 sed
1104 2568 1243 2633 naturali
1264 2568 1411 2655 appetitu

458 2670 578 2759 rigent,
587 2683 619 2736 et
630 2668 846 2755 imaginantur
855 2669 1022 2759 pleraque,
1036 2670 1092 2735 sed
1107 2694 1219 2738 causas
1229 2694 1335 2735 rerum
1346 2670 1411 2735 dis·

456 2785 565 2839 cutere
593 2793 796 2859 nequaqnam
826 2783 971 2859 ροεευηῑ.
1015 2772 1112 2849 Quod
1140 2772 1274 2859 quidem
1302 2796 1342 2837 ex
1370 2794 1411 2835 eo

455 2878 624 2962 provenire
638 2876 751 2941 dicunt
768 2872 912 2950 Hebraei,
924 2873 1011 2959 quod
1026 2896 1138 2960 quum,
1151 2874 1292 2940 Domino
1304 2873 1410 2961 dispo-

456 2991 562 3060 nente,
576 2978 617 3045 ad
629 2977 720 3043 initio
734 2990 951 3043 creaturarum
963 2988 1079 3041 coetera
1092 2977 1280 3054 coaluerint,
1294 2987 1328 3042 et
1338 2977 1409 3041 totu

456 3078 569 3145 caloris
590 3092 621 3145 et
644 3078 799 3160 humoris,
813 3079 928 3144 sortita
948 3082 1013 3144 sint
1036 3079 1193 3165 Spiritum
1219 3079 1408 3156 naturalem,

456 3180 635 3257 animalem,
659 3180 850 3256 sensibilem,
866 3204 904 3245 ex
929 3182 1049 3266 quibus
1063 3182 1214 3246 oriuntur
1234 3181 1409 3268 appetitus,

456 3295 488 3347 et
503 3279 697 3365 imaginatio,
715 3302 812 3367 quam
832 3280 952 3347 habent
975 3282 1090 3349 bruta:
1113 3283 1200 3349 solus
1219 3284 1315 3349 homo
1329 3306 1411 3348 asse·

456 3389 579 3469 quutus
593 3392 639 3445 est
650 3377 727 3457 vim,
742 3380 899 3447 efficacius
911 3397 941 3448 et
958 3385 1111 3451 sincerius
1122 3383 1308 3460 disserendi,
1318 3381 1409 3471 quod

456 3481 486 3547 ei
508 3480 605 3547 vitam
629 3479 785 3568 inspirans
807 3483 909 3565 Deus,
930 3484 1049 3551 divinas
1072 3487 1203 3552 rationis
1224 3486 1326 3552 voluit
1342 3506 1409 3547 esse

454 3582 651 3671 participem.
699 3576 848 3652 Hominis
870 3609 946 3652 vero
967 3588 1112 3675 spiritus,
1135 3588 1286 3674 quoniam
1301 3610 1321 3651 a
1336 3589 1408 3652 Deo

454 3686 561 3763 datus,
576 3698 609 3751 ct
623 3685 664 3753 ad
683 3687 791 3753 Deum
813 3687 978 3754 rediturus
995 3703 1055 3770 est,
1078 3690 1166 3756 solus
1187 3689 1296 3754 divina
1309 3685 1410 3751 medi-

455 3802 554 3869 tatur,
568 3801 600 3853 et
615 3789 649 3853 in
670 3812 708 3853 eo
730 3791 796 3855 lere
818 3791 885 3857 solo
906 3792 1031 3857 caeteris
1053 3791 1245 3858 animalibus
1265 3800 1407 3877 praestat.

455 3890 522 3955 Res
536 3890 618 3955 enim
633 3912 812 3977 corporeas,
828 3916 890 3957 nun
907 3894 1003 3961 modo
1016 3896 1213 3982 imaginatio,
1227 3892 1282 3958 sed
1298 3913 1410 3957 sensus

453 3992 702 4079 comprehendit
740 3994 790 4059 Ad
803 3996 883 4073 haec,
893 4010 926 4062 et
938 4020 1043 4062 rerum
1053 3997 1267 4085 corporalium
1278 3997 1407 4075 formas,

454 4118 559 4161 reram
567 4094 1409 4186 quoqucipsamcohaerentiam,discohaerentiamque,

451 4220 511 4285 pro
536 4209 628 4285 parte
652 4196 820 4283 cognoscit.
866 4202 984 4267 Sensus
1008 4204 1092 4267 enim
1119 4201 1207 4267 videt
1233 4202 1406 4276 hominem,

452 4322 518 4365 rem
554 4300 666 4388 utique
695 4301 910 4387 corporalem:
944 4303 1029 4370 ridet
1058 4305 1189 4380 colores,
1219 4319 1251 4370 et
1287 4316 1405 4377 motus,

451 4401 568 4467 formas
599 4402 711 4490 utique
741 4403 977 4491 corporalium:
1002 4406 1088 4472 videt
1119 4410 1215 4473 etiam
1246 4404 1407 4470 homiuem
