3625 5317
464 766 530 829 202
723 778 860 825 ioannis
876 777 1152 825 numentanam
1271 762 1355 844 [sm.
1369 776 1413 823 iv.

463 931 571 999 omnia
584 934 805 1007 necessarium,
817 944 849 995 et
865 952 897 995 se
912 952 953 994 ex
967 936 1193 995 maturarum
1206 929 1416 1015 intelligentis

464 1034 655 1100 manifestat.
688 1033 742 1099 sit
758 1046 885 1098 sanctus
901 1032 1065 1097 Salomon:
1081 1034 1243 1115 Promsttt'
1255 1035 1293 1096 in
1307 1038 1416 1099 anim

464 1158 533 1203 men
555 1154 701 1219 quarm
723 1144 755 1201 et
778 1137 976 1218 inuestigare
1002 1138 1177 1219 supienter,
1206 1137 1245 1200 de
1271 1139 1418 1201 omnibus

463 1240 644 1325 patefiunt
664 1238 724 1302 sith
746 1240 830 1304 Sole.
876 1240 971 1302 Hanc
987 1236 1227 1321 occupationem
1248 1237 1415 1321 pessimam

464 1339 553 1405 dedit
583 1343 674 1406 Deus
702 1336 777 1403 filiis
805 1337 980 1403 hominnm.
1026 1338 1153 1402 Versati
1183 1346 1258 1401 sunt
1285 1337 1319 1401 in
1345 1338 1415 1417 hac,

464 1437 646 1527 philosophi
661 1437 817 1525 gentium,
834 1438 902 1523 qui,
919 1442 1018 1524 juxta
1033 1437 1234 1523 Apostolum,
1249 1439 1414 1503 veritatem

465 1542 528 1608 Dei
542 1541 575 1607 in
591 1540 755 1606 mendacio
766 1552 949 1618 tenuerunt,
960 1551 993 1605 et
1007 1540 1122 1604 merito
1132 1562 1202 1617 suo,
1216 1552 1414 1606 evanuerunt

465 1644 499 1710 in
524 1642 769 1730 cogitationibus
795 1644 870 1707 suis.
923 1643 987 1707 Pro
1013 1664 1051 1705 eo
1074 1642 1156 1705 enim
1184 1640 1271 1727 quod
1297 1640 1415 1727 gratias

464 1746 621 1812 bonorum
650 1767 715 1809 non
743 1744 922 1810 retulerunt
954 1746 1090 1824 auctori,
1116 1745 1255 1809 dieentes
1289 1766 1324 1808 sa
1351 1765 1415 1809 esre

465 1850 636 1932 rapientes,
658 1850 753 1912 stulti
766 1850 857 1933 sacti
878 1857 966 1911 sunt.
1016 1849 1079 1911 Est
1101 1857 1208 1910 autem
1231 1850 1415 1920 cuduntur,

467 1948 630 2015 inutilium
661 1947 824 2035 superflua
859 1945 1034 2035 inquisitio,
1061 1943 1096 2011 in
1132 1969 1197 2034 qua
1230 1969 1292 2011 non
1321 1948 1416 2012 modo

466 2051 681 2137 Peripatetici,
708 2050 762 2115 sed
787 2051 852 2117 lere
882 2064 970 2118 totus
998 2067 1171 2137 occupatus
1195 2064 1243 2116 est
1267 2050 1416 2115 mundus.

467 2150 564 2231 Quod
579 2152 693 2218 vitium
710 2157 857 2220 Lucanus
878 2166 1005 2231 notans,
1020 2152 1099 2218 dum
1119 2152 1285 2217 aestuantis
1299 2152 1414 2217 Oceani

468 2254 603 2319 incertas
627 2276 738 2320 causas
767 2268 939 2341 promeret,
961 2256 1103 2320 curiosos
1128 2255 1168 2319 ad
1194 2253 1416 2319 certitudinem

469 2354 682 2423 inscmtabilis
705 2358 817 2421 secreti
840 2356 967 2423 invitat.
990 2394 992 2398 ·
1022 2361 1175 2435 Qaaerite,
1200 2357 1317 2444 inquit,
1340 2378 1417 2440 quoa

468 2463 575 2542 agitat
588 2460 705 2523 mundi
718 2460 818 2525 luber.
863 2463 952 2525 Dum
972 2473 1077 2525 antem
1097 2482 1187 2525 mem
1199 2464 1289 2524 cirea
1305 2464 1418 2537 multa,

468 2571 501 2627 et
516 2582 578 2625 nou
593 2560 730 2627 multum
746 2560 787 2625 ad
808 2584 841 2626 se
860 2562 1063 2649 pertinentia,
1078 2560 1216 2647 amplius
1232 2573 1418 2646 occtvpatur,
1490 2616 1497 2626 .

469 2676 625 2749 evagatur
646 2662 772 2749 longius
785 2687 805 2729 a
820 2686 864 2742 se,
879 2676 912 2729 et
929 2663 1120 2750 plerumque
1138 2662 1336 2727 obliviscitur
1357 2661 1418 2735 sui,

470 2784 536 2851 quo
554 2762 684 2856 quidem
707 2765 816 2832 nullus
840 2787 928 2829 error
949 2764 1153 2852 perniciosior
1173 2775 1232 2827 est.
1277 2763 1360 2826 Nam
1386 2783 1419 2824 se

469 2886 572 2946 nosse,
600 2866 682 2932 sicut
711 2866 756 2933 ait
783 2865 915 2954 Apollo,
938 2867 1006 2930 fere
1028 2886 1154 2930 summit
1178 2862 1333 2950 sapientia
1361 2875 1420 2928 est.

470 2967 557 3043 Quid
582 2982 690 3035 autent
716 2970 844 3056 prodest
871 2967 992 3033 homini
1017 2966 1182 3044 coelorum,
1206 2980 1261 3031 aut
1286 2965 1422 3029 elemen-

472 3081 577 3135 torum
604 3094 695 3135 nosse
716 3083 876 3147 naturam,
898 3068 1126 3155 magnitudinis
1147 3080 1179 3133 et
1203 3066 1421 3135 multitudinis

471 3172 692 3257 proportiones
714 3171 936 3237 doctrinaliter
964 3192 1118 3257 quaerere,
1147 3168 1304 3235 virtutum
1328 3167 1422 3233 vitio·

470 3290 607 3356 rumque
622 3270 776 3356 speculari
793 3272 990 3348 conflictum,
1005 3271 1239 3357 complexiones
1257 3269 1420 3336 attendere

470 3370 640 3447 rationum,
665 3371 762 3437 etde
787 3373 935 3439 omnibus
956 3374 1163 3460 probabiliter
1186 3373 1362 3461 disputare,
1387 3382 1420 3436 et

472 3472 520 3539 ani
536 3471 636 3561 ipsius
650 3496 717 3539 esse
730 3475 876 3562 ignarum
890 3480 904 3539 l
944 3477 1057 3541 Nonne
1077 3476 1194 3542 stultus
1208 3476 1422 3563 reputabitur,

473 3576 528 3663 qui
544 3575 645 3642 aliena
666 3577 782 3643 lustrat
802 3577 952 3665 hospitia,
966 3592 1000 3644 et
1020 3602 1086 3666 quo
1107 3578 1167 3645 sibi
1181 3581 1215 3644 iu
1237 3576 1421 3642 necessitate

473 3678 695 3745 divertendum
712 3680 764 3759 sit,
780 3680 1002 3747 obliviscitur?
1034 3680 1139 3747 Nimis
1153 3680 1267 3766 utique
1280 3679 1423 3743 curiosus

471 3791 530 3856 eet,
546 3791 577 3845 et
601 3780 650 3845 eui
673 3781 846 3868 negligens,
871 3782 929 3868 qui
950 3782 1054 3847 aliena
1076 3782 1221 3857 miratur,
1237 3795 1269 3846 et
1290 3779 1421 3868 propria

472 3901 535 3945 non
550 3881 697 3947 attendit.
741 3882 804 3961 Qui
820 3905 895 3948 vero
917 3883 958 3947 ad
981 3904 1076 3948 usum
1096 3883 1172 3949 vitae
1189 3882 1347 3948 convertit
1367 3902 1425 3945 ex-

472 3982 619 4063 trinseca,
639 3998 675 4048 ut
697 4006 805 4049 eorum
828 3999 980 4071 agnoscat
1002 4000 1034 4050 et
1056 4002 1226 4050 veneretur
1251 3995 1421 4062 auctorem,

473 4106 567 4151 suum
587 4088 738 4151 metiatur
756 4085 990 4173 imperfectum,
1011 4088 1068 4173 qui
1083 4088 1138 4151 vix
1157 4108 1259 4173 pauca
1277 4106 1421 4171 compre·

471 4186 609 4253 bendere
631 4198 747 4275 potest,
769 4198 802 4251 et
825 4188 922 4252 rebus
936 4188 1135 4263 transitoriis,
1152 4210 1225 4252 cum
1249 4187 1368 4275 quibus
1389 4198 1421 4248 et

471 4290 539 4374 ipse
561 4290 686 4367 transit,
707 4310 770 4353 non
793 4288 853 4354 nisi
876 4289 1030 4376 prosario
1051 4290 1163 4370 utitur,
1181 4303 1214 4353 et
1236 4290 1277 4353 ad
1301 4291 1422 4353 horam.

472 4389 536 4466 Qut
556 4388 822 4477 concupiscentiae
842 4389 980 4471 cohibet,
1002 4390 1157 4476 reprimit,
1173 4404 1230 4457 aut
1252 4388 1422 4474 extinguit,
