3625 5317
473 784 533 845 184
725 798 862 845 rosxnrs
877 796 1157 843 saaassaaransrs
1276 778 1361 856 [nm.
1377 794 1426 841 rv.

634 950 715 1034 Cap.
730 950 782 1013 28.
807 950 970 1024 Quomodo
981 971 1021 1014 oo
1033 952 1077 1013 sit
1092 948 1259 1012 utendum

513 1076 582 1137 San
598 1072 669 1137 lioet
684 1095 735 1137 ars
756 1073 818 1136 ista
838 1072 880 1135 sd
902 1073 1104 1159 quammulta
1117 1075 1159 1137 sit
1173 1073 1274 1152 utilis,
1287 1073 1344 1160 qui
1363 1073 1422 1137 ali·

470 1194 562 1237 orum
584 1172 715 1258 ignarus
738 1188 798 1252 est,
812 1196 874 1237 uon
901 1187 1038 1249 tautum,
1053 1174 1152 1259 hujus
1174 1174 1364 1262 eruditione,
1380 1174 1422 1237 ad

471 1272 704 1359 philosophiam
722 1274 869 1359 juvatur,
883 1288 1041 1359 quantum
1063 1274 1149 1347 hinc,
1164 1291 1291 1360 sumpts
1311 1276 1423 1339 verbo-

471 1372 563 1439 sitate
585 1388 618 1439 et
642 1376 832 1450 temeritate,
856 1374 1043 1461 impeditur.
1087 1375 1170 1440 Fere
1193 1377 1276 1439 enirn
1299 1376 1424 1440 inutilis

472 1488 520 1539 est
542 1474 655 1561 logica,
671 1477 696 1541 si
720 1477 760 1541 sit
784 1476 859 1541 sola.
905 1477 1002 1538 Tunc
1023 1476 1153 1540 demum
1176 1478 1305 1553 eminet,
1320 1498 1422 1563 quum

471 1576 694 1661 adjunctarum
705 1579 824 1642 virtute
835 1576 1035 1662 splendescit.
1069 1578 1206 1641 'l'enerae
1217 1591 1321 1642 tamen
1334 1580 1423 1644 retati

471 1678 703 1763 indulgendum
727 1692 775 1743 est
798 1678 946 1764 amplius,
966 1692 999 1742 et
1025 1692 1062 1742 ut
1084 1680 1209 1763 copiam
1231 1679 1424 1765 eloquentis}

472 1794 644 1866 comparet,
657 1782 781 1845 interim
797 1792 844 1844 est
861 1780 992 1843 ferenda
1007 1780 1193 1845 verbositas.
1233 1781 1325 1846 Sicut
1339 1781 1423 1844 enim

471 1904 616 1968 corpora,
630 1882 674 1947 sic
688 1896 720 1947 et
740 1882 868 1967 ingenia
891 1880 1037 1966 puerilia,
1051 1881 1207 1966 imprimis
1221 1879 1335 1945 alenda
1349 1894 1424 1945 sunt

474 2004 514 2047 ue
527 1986 721 2047 inarescant:
751 1998 782 2047 et
800 1996 836 2047 ut
860 2006 880 2045 a
905 1981 1102 2067 plenitudine
1125 1994 1158 2045 et
1182 1983 1273 2067 copis
1296 1982 1426 2046 alimen-

474 2096 580 2146 torum
596 2106 690 2147 suoco
704 2083 927 2149 distendantur
941 2083 982 2145 ad
1003 2082 1102 2145 robur
1125 2083 1378 2169 concipiendum,
1393 2096 1425 2147 et

475 2194 511 2245 nt
535 2204 619 2260 caro,
635 2185 774 2268 quodam
800 2182 994 2247 dilatationis
1017 2204 1083 2245 sna
1097 2180 1176 2245 vitio
1195 2181 1228 2245 in
1248 2182 1307 2245 hac
1331 2196 1427 2247 aetate

473 2282 626 2349 luxuriet.
670 2283 740 2347 Hoc
750 2297 856 2348 autem
869 2299 902 2347 et
914 2282 1030 2346 laboris
1040 2284 1239 2361 exercitium,
1250 2296 1284 2347 et
1298 2284 1425 2370 pondus

474 2381 707 2464 sollicitudinis,
723 2398 754 2449 et
778 2384 914 2468 diligens
935 2407 1043 2470 opera,
1065 2384 1209 2470 sequenti
1231 2400 1327 2451 aetate
1350 2386 1426 2449 satis

473 2498 631 2568 excoquet
660 2503 692 2550 et
723 2486 885 2571 purgabit.
932 2485 1127 2549 Procedente
1156 2510 1233 2570 ergo
1261 2500 1367 2565 aetate,
1391 2501 1423 2551 et

474 2604 580 2663 seusu,
595 2586 794 2651 verbositatis
817 2588 1004 2651 cohibeatur
1026 2586 1163 2664 licentia,
1177 2602 1210 2652 et
1234 2589 1426 2675 sophistica,

475 2688 588 2769 (quam
614 2686 800 2750 Aristoteles
824 2685 1013 2765 dictitivam,
1038 2708 1096 2748 nos
1120 2688 1426 2762 circumventoriam,

477 2786 527 2850 vel
550 2786 776 2851 cavillatoriam
799 2787 904 2852 dicere
928 2787 1124 2873 possumus,)
1145 2788 1333 2873 improbitas
1356 2812 1428 2853 oon-

477 2888 629 2972 quiescat.
675 2890 787 2953 Manet
812 2889 879 2952 haec
903 2886 1083 2951 sollicitudo
1105 2910 1192 2963 eum,
1207 2890 1265 2974 qui
1290 2890 1427 2954 doctoris

477 3008 590 3051 nomen
605 3002 638 3053 et
654 2987 789 3051 officium
808 2986 963 3051 vendicat.
1008 2987 1108 3049 Porro
1127 2986 1251 3052 inutilis
1270 3001 1318 3053 est
1332 3011 1428 3074 opera

478 3106 723 3175 praceptorum,
740 3089 765 3151 si
785 3111 846 3152 non
871 3110 933 3153 usu
955 3101 988 3152 et
1011 3086 1162 3150 exercitio
1184 3088 1313 3153 assiduo
1337 3090 1427 3155 robo-

479 3203 587 3255 retur:
619 3188 678 3255 nisi
694 3189 777 3253 sorte
791 3190 824 3255 in
839 3188 986 3256 habitum
1004 3187 1163 3255 transierit
1178 3190 1355 3276 dispositio.

482 3443 561 3527 Cap.
578 3442 630 3511 29.
656 3443 750 3517 Quod
759 3446 921 3507 temeritas
931 3444 1143 3511 odolescentia
1154 3448 1376 3528 reprimendo:
1399 3456 1431 3510 et

522 3565 624 3626 quare
637 3545 826 3609 Mercurius
839 3549 978 3608 societur
999 3548 1204 3629 Procopio:
1233 3556 1263 3609 et
1280 3550 1431 3628 quesivit

521 3650 682 3729 precipue
695 3646 881 3729 eopetendo.

526 3774 603 3835 Nou
619 3783 723 3834 tamen
739 3792 776 3833 es
796 3770 923 3834 lieentia
945 3783 993 3834 est
1015 3770 1250 3856 indulgendum
1273 3770 1433 3855 gymnasi-

482 3890 572 3932 orum
589 3870 756 3945 exercitiis,
771 3893 845 3954 quae
868 3871 957 3953 quasi
972 3871 1066 3957 jocus
1089 3871 1220 3955 quidem
1242 3884 1275 3935 et
1295 3871 1432 3955 palestra

485 3968 699 4055 Philosophiae
713 3970 874 4054 agitantur
889 3970 920 4033 in
936 3992 992 4055 spe
1014 3970 1211 4057 proficiendi,
1226 3983 1264 4035 ut
1286 3971 1318 4034 in
1334 3994 1432 4035 annos

483 4069 680 4146 maturiores,
710 4082 767 4133 sut
796 4070 828 4152 in
859 4070 967 4133 studia
1002 4072 1151 4156 graviora
1187 4073 1431 4157 protendantur.

484 4170 641 4239 Scurriles
677 4168 817 4254 ineptioe,
848 4167 968 4232 insulsa
1004 4169 1190 4256 loquacitas,
1220 4186 1253 4234 et
1286 4171 1432 4243 clamosa,

483 4276 625 4360 itemque
647 4270 759 4335 levitas
781 4267 921 4354 puerilis,
942 4292 1015 4333 cum
1042 4271 1145 4355 prima
1164 4271 1316 4357 lanugine
1337 4273 1435 4359 depo

485 4374 588 4444 nenda
605 4385 689 4437 sunt.
735 4371 818 4435 Haec
839 4367 996 4455 siquidem
1019 4392 1124 4454 agere,
1140 4384 1187 4436 est
1211 4370 1433 4458 philosophum
