3625 5317
482 745 546 806 296
741 759 876 808 sossius
892 761 1169 810 suassasursusrr

572 913 699 995 spargit
714 914 833 999 ubique
847 917 962 994 bonos,
976 916 1062 980 unde
1076 919 1203 1002 placere
1219 929 1329 1002 quest·

487 1011 602 1076 Castus
617 1035 705 1078 amor
719 1018 814 1079 rebus
829 1018 876 1081 sic
891 1039 1018 1101 semper
1031 1017 1172 1083 adhaeret
1184 1021 1342 1095 honestis,

572 1115 668 1186 Quod
683 1137 742 1181 nec
759 1117 806 1180 ris
821 1117 924 1201 major
936 1119 1108 1184 dissociare
1121 1132 1248 1204 potest3
1353 1126 1439 1186 1790

486 1215 627 1280 Virtutes
642 1217 726 1282 locat
740 1219 773 1281 iu
789 1221 913 1298 castris,
927 1221 973 1284 sio
988 1223 1095 1284 omnia
1108 1224 1222 1301 munit,

572 1319 619 1382 Ut
632 1320 755 1382 nullum
771 1321 873 1404 possit
888 1321 989 1385 hostis
1001 1322 1120 1386 habere
1134 1324 1249 1387 locum.

486 1418 552 1482 Sed
566 1419 660 1484 timor
673 1421 705 1485 in
722 1443 823 1501 servo,
839 1423 942 1486 valeat
956 1424 1031 1486 dum
1047 1445 1144 1508 poeua
1158 1427 1274 1500 careri,

572 1522 623 1586 Ad
640 1523 764 1588 facilem
780 1535 937 1608 questum
951 1524 1046 1589 cedet
1058 1527 1180 1610 eritque
1195 1547 1327 1605 nocens,

486 1623 637 1688 Etiamsi
652 1639 772 1702 eustos,
787 1625 863 1690 dum
878 1625 981 1710 possit
996 1628 1091 1710 culpa
1105 1627 1214 1705 latere,
1350 1633 1436 1692 179⁵

571 1727 742 1791 Consentit
754 1728 838 1790 vitiis
853 1728 973 1812 absque
987 1729 1102 1791 rubore
1117 1729 1229 1812 pudor.

485 1825 560 1892 Nou
576 1830 623 1894 sie
639 1850 731 1894 rerus
747 1851 844 1908 amor,
858 1830 914 1913 qui
929 1849 1004 1893 casu
1019 1829 1106 1892 fidus
1119 1831 1151 1892 iu
1168 1831 1256 1894 omni

571 1931 729 1995 Virtutem
744 1933 843 1995 solam
859 1931 979 2014 gaudet
991 1933 1096 1995 inesse
1112 1933 1184 1994 sibi.

484 2035 537 2098 Ob
552 2053 666 2098 causas
679 2031 781 2097 varias
796 2046 980 2118 quaeruntur
994 2042 1120 2112 caetera,
1135 2034 1234 2097 virtus

570 2135 613 2200 Se
626 2147 782 2200 contenta
795 2137 842 2200 sui
858 2137 990 2220 praemia
1003 2155 1131 2218 semper
1143 2136 1253 2214 habet,
1351 2141 1436 2201 1800

483 2237 601 2301 Omnia
616 2239 721 2302 virtuti
737 2239 842 2301 satalia
858 2238 1029 2301 commoda
1042 2237 1172 2316 cedunt,

573 2333 701 2400 Virtutis
715 2337 836 2400 fructus
851 2348 901 2400 est
913 2338 947 2400 in
963 2358 1070 2401 amore
1084 2338 1151 2420 pio.

484 2437 574 2501 Sicut
588 2447 677 2500 easta
691 2435 786 2500 fidem
802 2439 938 2521 cupiens
952 2449 1074 2502 serrata
1088 2441 1205 2503 marito

571 2537 702 2622 Conjux
718 2538 907 2604 declinator
924 2541 1069 2604 studiosa
1082 2541 1174 2621 fugit,

479 2640 533 2714 Ne
549 2641 723 2726 corruptori
739 2651 846 2725 patrat
860 2644 952 2707 locus
966 2643 1051 2705 ullus
1066 2642 1108 2706 ad
1122 2643 1238 2726 ipsum,
1350 2649 1434 2710 180³

571 2747 755 2830 Aspectum,
771 2744 866 2825 risus,
881 2765 1021 2823 urunera,
1035 2742 1141 2818 rerba,
1151 2744 1246 2828 jocos

482 2847 713 2925 Contemnere,
723 2847 868 2910 meritum
883 2856 917 2909 et
930 2867 1047 2910 nomen
1059 2846 1251 2911 moechaotis
1265 2849 1432 2913 abhorret:

569 2947 623 3012 Sio
638 2966 765 3010 omnem
781 2947 911 3029 cuipam
925 2957 1057 3010 sanetus
1071 2945 1219 3011 abhorret
1233 2969 1331 3011 amor.

708 3045 759 3110 De
770 3049 881 3127 qratia
895 3055 928 3108 et
941 3047 1042 3109 libero
1056 3047 1202 3111 arbitrio.

482 3153 595 3216 Gratia
610 3151 678 3215 soie
692 3151 780 3232 pium
796 3150 879 3232 parit
893 3160 926 3213 et
938 3148 1107 3213 confirmet
1121 3171 1273 3228 amorem,

569 3250 632 3315 Cui
647 3251 741 3312 timor
754 3248 886 3313 inservit
900 3251 1123 3334 ingenuusque
1137 3250 1249 3335 pudor.
1350 3256 1434 3319 1810

482 3352 568 3417 111υά
583 3351 651 3414 sola
666 3350 745 3412 nihil
760 3351 906 3414 meritum
922 3373 988 3415 uon
1003 3354 1113 3417 asserit
1128 3373 1209 3432 esse,

568 3452 653 3517 Num
668 3451 764 3527 bona,
780 3471 851 3532 quae
866 3451 1012 3530 iacimus,
1026 3451 1157 3535 spiritus
1171 3453 1258 3517 intus
1272 3453 1341 3530 alit,

482 3555 573 3622 Istud
589 3555 658 3618 sola
673 3552 776 3632 docet,
793 3554 958 3634 quoniam,
973 3554 1000 3616 si
1016 3555 1116 3635 gratia
1130 3552 1226 3630 desit,

568 3657 618 3720 Ad
633 3658 720 3720 bona
734 3665 854 3719 naturae
869 3655 960 3718 nisus
974 3655 1080 3718 inanis
1094 3656 1163 3733 erit,

480 3759 572 3824 Istud
588 3759 656 3820 sola
671 3757 776 3832 docet,
791 3756 876 3840 quod
893 3777 992 3820 causa
1004 3758 1047 3820 sit
1062 3777 1127 3821 una
1141 3757 1251 3821 salutis
1348 3757 1432 3820 1815

564 3857 687 3935 Gratia,
701 3879 772 3941 quae
788 3857 932 3922 meritum
948 3858 1095 3942 provehit
1109 3870 1204 3942 etque
1219 3859 1311 3942 perit.

480 3960 658 4025 Arbitrium
673 3959 778 4023 earnis
792 3971 840 4022 est
855 3957 965 4042 gratis,
980 3959 1096 4022 mentis
1110 3959 1229 4040 imago,

565 4063 677 4126 Mente
693 4082 766 4125 earo
782 4060 857 4131 vivit
872 4061 1100 4144 arbitriumque
1116 4060 1199 4124 Deo.

479 4167 519 4228 Iu
536 4163 660 4225 eineres
675 4179 748 4223 caro
764 4159 854 4242 lapsa
868 4159 960 4231 redit,
976 4160 1002 4222 si
1017 4159 1146 4242 spiritus
1162 4160 1259 4237 absit,

566 4263 640 4326 Hoc
657 4259 724 4324 abit
738 4259 770 4322 iu
786 4270 898 4322 terram
915 4257 1109 4323 destituente
1128 4261 1209 4325 Deo.
1350 4264 1433 4323 1820

477 4361 649 4425 Vermibus
665 4380 739 4421 esca
753 4356 846 4420 datur
861 4359 976 4421 soetens
991 4379 1065 4422 caro
1081 4372 1188 4424 ruente
1203 4375 1335 4438 remota,

563 4462 637 4524 Hoc
653 4459 743 4524 cibus
759 4471 806 4522 est
822 4459 937 4523 soetens
953 4459 1114 4524 vermibus
1129 4463 1252 4547 absque
1268 4463 1351 4528 Deo.
