3625 5317
413 772 484 817 car.
500 756 576 827 v11.]
783 770 1025 817 usratourcos.
1327 755 1370 815 23

415 945 478 986 non
510 934 557 987 est
583 922 749 1009 eloquens,
775 921 923 1009 quisquis
948 922 1105 1007 loquitur,
1131 931 1188 983 aut
1214 918 1370 1006 quicquid

415 1022 561 1100 voluerit,
586 1038 750 1109 uteunque
775 1021 933 1109 loquitur,
956 1020 1012 1087 sed
1040 1020 1094 1085 ille
1116 1020 1286 1097 duntaxat,
1312 1020 1370 1105 qui

414 1124 512 1190 animi
527 1125 577 1190 sui
591 1124 757 1190 arbitrium
774 1123 938 1188 commode
953 1122 1087 1210 profert.
1132 1126 1271 1208 Ipsaque
1285 1143 1371 1186 oom-

415 1225 552 1291 moditas
568 1226 670 1312 'exigit
691 1225 878 1292 facultatem
901 1224 987 1311 (que
1002 1248 1024 1288 a
1038 1227 1209 1308 facilitate
1230 1226 1372 1303 dicitur)

417 1343 454 1394 ut
474 1350 646 1416 sequamur
661 1352 764 1394 mores
781 1342 918 1409 nostros,
933 1327 1054 1415 quibus
1071 1339 1201 1414 gratum
1215 1337 1274 1407 est,
1288 1326 1320 1391 in
1335 1347 1374 1392 ea

416 1444 519 1516 parte,
535 1431 658 1496 Stoicos
672 1434 801 1509 imitari,
817 1430 875 1517 qui
889 1430 930 1494 ad
948 1429 1115 1493 verborum
1136 1426 1310 1494 faciliorem
1325 1428 1374 1492 in·

416 1530 637 1618 telligentiam,
648 1552 754 1596 rerum
765 1531 861 1595 etiam
872 1530 1027 1613 originem
1044 1529 1219 1594 studiosius
1229 1550 1374 1614 perscru-

417 1645 535 1698 tantur.
570 1635 661 1717 Ergo
676 1637 728 1698 eui
744 1631 880 1696 facilitas
891 1631 981 1696 adest
997 1630 1161 1695 commode
1175 1629 1374 1715 exprimendi

419 1733 517 1797 verbo
541 1731 684 1817 quidem,
708 1731 796 1818 quod
825 1732 933 1807 sentit,
958 1731 1111 1816 eloquens
1134 1746 1192 1796 est.
1244 1732 1289 1794 Et
1316 1729 1376 1794 hoc

417 1834 555 1899 faciendi
585 1831 732 1908 facultas,
762 1833 936 1899 rectissime
968 1832 1152 1919 eloquentia
1183 1832 1374 1897 nominatur.

420 1938 492 2015 Qua
503 1935 582 2022 quid
595 1956 663 1999 esse
674 1938 879 2023 praestantius
889 1937 990 2022 possit
1001 1934 1042 1999 ad
1056 1958 1162 2007 usum,
1174 1930 1378 2019 compendio·

418 2038 485 2103 sius
514 2036 554 2101 ad
585 2058 673 2123 opes,
703 2036 829 2102 fidelius
862 2036 903 2101 ad
933 2036 1081 2120 gratiam,
1110 2034 1308 2101 commodius
1336 2032 1379 2099 ad

418 2139 564 2226 gloriam,
585 2160 648 2203 non
670 2137 765 2204 facile
787 2138 889 2203 video.
936 2136 1026 2202 Nihil
1047 2136 1130 2201 enim
1153 2137 1261 2203 dotem
1284 2136 1377 2203 istam

418 2255 542 2307 naturae
565 2254 598 2306 et
624 2243 738 2326 gratiae
761 2240 931 2316 antecedit,
957 2254 1014 2305 aut
1038 2260 1155 2305 rarum.
1210 2236 1376 2324 Siquidem

418 2367 520 2431 quum
544 2344 647 2408 virtus
666 2356 697 2407 et
718 2342 885 2429 sapientia,
905 2366 978 2429 quae
996 2342 1091 2419 forte,
1110 2342 1191 2407 sicut
1210 2340 1378 2405 Victorino

420 2445 536 2531 placet,
558 2444 663 2510 verbis
687 2444 796 2529 potius
820 2466 917 2529 quarn
942 2443 1132 2519 substantia,
1156 2441 1320 2522 differunt,
1344 2440 1377 2505 in

421 2548 610 2635 appetendis
631 2546 708 2611 locis
733 2546 872 2632 primum
902 2544 1087 2611 obtineant:
1117 2542 1293 2609 secundum
1318 2541 1378 2607 'sibi

422 2648 604 2736 eloquentia
624 2647 791 2721 vendicat;
821 2648 937 2712 tertius
955 2661 1063 2713 autem
1081 2646 1167 2713 cedit
1183 2645 1271 2711 locus
1286 2643 1378 2710 bonis

422 2750 573 2835 corporis,
588 2752 682 2835 eique
705 2747 746 2812 ad
766 2748 932 2813 materiam
952 2747 1176 2831 gerendorum,
1194 2744 1378 2809 cohabitan-

423 2851 504 2915 tium
524 2851 626 2928 favor,
648 2865 680 2913 et
706 2871 812 2913 rerum
836 2849 939 2935 copia,
960 2862 1075 2934 quarto
1101 2847 1170 2910 loco
1194 2844 1379 2913 succedunt.

425 2953 562 3017 Secutus
570 2965 617 3015 est
628 2952 713 3016 hunc
723 2948 863 3013 ordinem
876 2949 1025 3025 Ethicus,
1034 2959 1250 3032 votorumque
1259 2946 1381 3027 seriem,

424 3053 459 3119 in
474 3053 585 3117 ordine
600 3049 862 3137 expetendorum,
877 3049 1038 3135 eleganter
1052 3052 1218 3138 expressit.

532 3184 601 3248 Quid
612 3190 703 3238 voveat
715 3183 783 3237 dulci
795 3184 922 3239 nutricula
932 3186 1016 3258 majus
1026 3184 1140 3249 alumno,

531 3272 617 3335 Quam
628 3288 729 3343 sapere,
743 3278 771 3325 et
781 3269 830 3324 fari
840 3273 922 3343 possit
934 3288 994 3342 quae
1004 3272 1110 3335 senflat,
1122 3276 1150 3323 et
1160 3272 1202 3323 cui

531 3356 632 3420 Gratia,
643 3354 723 3421 fama,
735 3354 865 3421 valetudo,
877 3358 1012 3424 contingat
1023 3355 1136 3420 abunde,

530 3443 568 3495 Et
579 3442 689 3495 mundus
701 3442 794 3507 victus,
806 3459 857 3495 uon
869 3441 1008 3495 deficiente
1018 3458 1149 3494 crumena.

429 3560 464 3626 Si
485 3584 573 3646 ergo,
597 3560 685 3626 verbi
700 3572 740 3625 et
761 3560 892 3625 rationis
918 3583 992 3641 usu,
1012 3559 1147 3625 aliorum
1172 3559 1382 3627 animantium

427 3661 748 3738 naturam‚hu1nana
773 3661 915 3747 dignitas
939 3660 1106 3742 antecedit,
1128 3661 1208 3749 quid
1233 3662 1382 3729 conduci·

428 3762 524 3829 bilius
553 3761 594 3826 ad
624 3762 739 3837 omnia,
770 3761 849 3847 quid
879 3760 921 3825 ad
949 3760 1125 3827 claritatem
1155 3760 1383 3828 conciliandam

428 3865 602 3951 potentius,
617 3887 715 3950 quam
734 3864 768 3927 in
783 3886 821 3929 eo
844 3876 967 3929 naturas
982 3865 1158 3950 prevenire
1178 3878 1337 3933 consortes
1350 3879 1384 3930 et

429 3966 562 4053 generis,
572 3967 605 4031 iu
621 3988 688 4052 quo
698 3965 784 4031 solus
799 3966 894 4031 homo
904 3978 1022 4031 caetera
1034 3966 1150 4033 vincit?
1172 3971 1253 4033 Haec
1264 3982 1383 4045 autern,

430 4088 528 4151 quum
555 4088 680 4132 omnem
701 4079 827 4132 aetatem
852 4066 975 4150 doceat,
997 4083 1029 4133 et
1055 4081 1198 4145 exornet,
1220 4068 1382 4135 clariorem

431 4164 525 4229 efficit
537 4166 756 4251 juventutem:
781 4192 819 4232 eo
834 4168 921 4255 quod
933 4182 1012 4234 aetas
1027 4170 1163 4233 tenerior
1177 4169 1291 4255 gratiae
1305 4190 1385 4253 quo·

430 4266 602 4332 dummodo
624 4268 831 4350 lenocinatur,
857 4284 893 4335 ut
921 4271 1083 4357 ingenium
1109 4270 1267 4335 vendicet.
1318 4265 1386 4343 Qui

430 4381 505 4434 sunt
526 4368 622 4450 enim,
640 4370 695 4455 qui
719 4370 831 4436 florent
847 4371 929 4437 inter
949 4372 1116 4437 concives?
1144 4369 1206 4445 Qui
1227 4379 1314 4447 sunt,
1329 4369 1386 4454 qui
