3625 5317
742 816 968 863 nrrnnrroue.
1270 804 1335 861 tte

383 967 520 1033 Subdita
534 968 581 1033 eie
597 969 677 1033 ratio
691 970 825 1033 formem
840 991 973 1033 summer
988 970 1121 1033 rationis
1266 974 1330 1033 686

469 1064 627 1129 Sordibus
642 1068 787 1150 expulsis
801 1066 919 1146 induit,
931 1066 1008 1130 inde
1022 1067 1129 1131 micet.

382 1166 475 1229 Tunc
492 1188 583 1230 mens
598 1178 664 1233 tote
678 1170 758 1233 nitet
770 1182 803 1235 et
817 1190 891 1233 vero
906 1169 1027 1233 lumine
1042 1170 1139 1252 piene

470 1269 536 1331 Res
551 1270 646 1333 falses
660 1270 761 1351 abigit
775 1284 807 1333 et
821 1272 909 1335 bone
925 1292 997 1335 vern
1011 1272 1098 1336 colit.

637 1371 725 1445 Queat
737 1372 899 1437 inumbret
913 1374 1080 1435 rationem.

384 1472 476 1535 Sicut
490 1494 585 1537 nemo
600 1486 705 1557 potest
720 1474 842 1557 aliquid
856 1475 919 1537 nisi
934 1475 1007 1539 lucc
1021 1474 1139 1551 videre,

470 1572 525 1639 sie
539 1574 680 1639 hominis
692 1576 774 1639 retio
788 1596 876 1639 crece
890 1576 928 1639 fit
942 1576 1063 1659 absquo
1079 1575 1160 1638 Deo.
1270 1581 1335 1639 oto

386 1675 470 1737 Vere
484 1674 576 1739 Deus
590 1678 648 1739 lux
663 1687 711 1739 est
725 1690 758 1740 et
771 1677 901 1741 luminis
916 1678 1003 1741 illius
1018 1688 1140 1754 auctor,

472 1776 545 1848 Quo
560 1777 630 1839 eolo
646 1797 715 1841 eoee
731 1778 866 1861 quisque
883 1777 988 1841 ridere
1002 1788 1120 1860 potest.

660 1879 726 1952 Qui
739 1880 807 1943 rint
821 1898 903 1941 erue
917 1880 1060 1941 luminis.

388 1975 435 2037 Ut
448 1996 482 2039 se
497 1977 570 2061 quie
584 1978 702 2053 videet,
717 1990 766 2041 eet
781 1980 894 2041 summi
911 1980 1040 2043 luminis
1057 1998 1144 2052 usur,

473 2079 618 2143 Muneris
633 2093 770 2145 estuans
786 2102 902 2144 munus
916 2101 1021 2144 amore
1036 2080 1159 2158 demin,

387 2176 535 2240 Muneris
550 2190 598 2241 est
612 2200 689 2243 usus
704 2180 884 2245 discernere
900 2193 1019 2244 cuncte
1032 2192 1191 2263 potenter,
1274 2184 1339 2241 ote

474 2280 619 2343 Muneris
634 2292 683 2343 eet
697 2302 775 2345 neus
790 2282 895 2345 cultus
910 2301 1062 2365 emorque
1077 2281 1168 2358 boni,

389 2380 534 2443 Muneris
548 2393 597 2445 eet
611 2402 688 2445 usne
703 2404 805 2445 rerum
821 2404 1017 2463 cognoscere
1032 2383 1166 2460 fructus,

475 2482 619 2547 Muneris
633 2494 683 2547 eet
696 2505 773 2549 usus
787 2484 827 2547 nd
843 2485 975 2551 meliore
990 2484 1083 2561 trebi,

389 2582 535 2645 Muneris
549 2594 713 2649 auctorem
728 2604 924 2664 cognoscere
941 2585 1080 2647 muneris
1094 2604 1182 2660 nene,

476 2682 621 2747 Muneris
636 2697 684 2749 est
699 2706 774 2747 noue
789 2706 932 2747 summus
945 2705 1050 2747 emere
1066 2686 1183 2747 Deum.
1273 2685 1338 2743 660

448 2782 541 2855 Quod
553 2803 649 2847 verer
660 2784 869 2865 philosophron
882 2782 954 2844 Deo
967 2800 1076 2845 curere
1089 2800 1156 2843 non
1169 2787 1281 2861 potest.

390 2884 424 2946 si
439 2883 487 2947 ris
501 2886 590 2947 nulle
604 2892 711 2967 potest
726 2881 919 2967 disjungere,
934 2902 1015 2964 quoe
1028 2902 1118 2945 emor
1133 2883 1212 2957 unit,

476 2987 579 3048 Verus
593 2984 806 3067 philosophus
821 3005 886 3047 non
901 2982 961 3047 erit
975 2984 1099 3066 absque
1115 2984 1197 3045 Deo.

390 3085 456 3149 Sed
470 3106 530 3148 nec
548 3106 632 3149 more
646 3085 762 3168 poterit
776 3086 872 3149 istum
889 3083 1061 3147 dissolvere
1076 3104 1209 3157 nexum,

477 3188 637 3270 Perpetuo
651 3188 743 3265 rivet,
760 3187 814 3271 qui
830 3186 992 3268 sapienter
1005 3198 1100 3249 emat.

392 3290 484 3357 Quod
501 3292 587 3353 ratio
605 3291 772 3371 epecuium
793 3294 840 3353 eet
859 3294 891 3351 et
909 3290 1024 3351 murm
1042 3294 1074 3351 et
1092 3306 1212 3349 manue
1231 3285 1277 3349 od
1289 3303 1342 3347 rer

662 3392 818 3455 videndas
830 3400 863 3454 et
878 3390 1061 3472 capiendo-⁹.

392 3494 453 3557 Est
468 3493 566 3572 igitur
580 3496 660 3557 rntio
675 3495 854 3577 speculum,
868 3514 934 3576 quo
950 3506 1068 3557 cuncte
1082 3491 1240 3565 videntur,
1277 3494 1342 3553 666

479 3594 657 3677 Officioque
673 3595 756 3659 oculi
773 3594 915 3674 fungitur
928 3606 1024 3675 etque
1040 3612 1163 3668 menne,

394 3693 533 3757 Conscia
548 3708 669 3759 naturre
684 3716 795 3759 verum
810 3704 971 3757 scrutetur
985 3702 1018 3754 et
1033 3693 1130 3776 requi,

483 3794 608 3857 Arbitrc
623 3796 773 3859 virtutum
788 3795 857 3858 cole
871 3793 1030 3856 ministrat
1044 3812 1133 3874 oper.

395 3896 461 3958 Res
475 3895 592 3979 triplici
607 3910 753 3979 spectare
769 3894 961 3959 moderatio
976 3893 1174 3974 perhibetur,

481 3997 552 4059 Nec
568 4008 714 4079 quartum
730 3995 834 4078 potuit
849 4016 938 4056 mens
953 3994 1090 4075 reperire
1107 3992 1246 4057 modum.
1280 3996 1346 4055 660

395 4097 606 4161 concretivus
622 4096 674 4159 hic
691 4106 750 4173 est,
764 4096 845 4158 elius
861 4106 1013 4157 concretu
1026 4094 1166 4170 resolvit,

481 4201 550 4261 lies
564 4202 661 4261 rebus
678 4198 801 4261 confert
815 4197 927 4260 tertius
942 4208 1039 4277 etque
1055 4195 1161 4257 refert.

397 4303 553 4365 Naturam
569 4302 698 4383 primuS,
714 4296 882 4363 mathesim
897 4296 1022 4359 medius
1038 4295 1222 4367 comitatur,

481 4400 635 4463 Vindicet
651 4410 830 4462 extremum
847 4399 955 4479 logica
971 4396 1040 4459 cola
1056 4395 1128 4457 cibi.

852 4506 902 4560 εἳ
