3625 5317
490 783 531 840 20
734 795 870 841 soanms
885 794 1164 841 sannsnsarnnsm
1319 780 1402 860 [ara.
1419 799 1442 844 1.

488 947 686 1012 identitatem
699 959 822 1033 pareret
839 946 1022 1013 similitudo.
1057 948 1188 1013 Habent
1197 952 1309 1036 itaque
1318 950 1440 1037 linguae

489 1048 641 1113 idiomata
670 1072 739 1126 sua,
768 1061 800 1113 et
833 1049 951 1134 singuli
983 1071 1078 1112 snum
1112 1049 1263 1135 loquendi
1297 1048 1442 1132 modum,

491 1173 598 1236 quem,
612 1152 669 1237 qui
692 1152 828 1235 ignorat,
844 1174 905 1216 non
929 1151 1032 1236 magis
1053 1152 1218 1217 commode
1235 1153 1444 1238 Philosophu-

490 1251 590 1331 bitur‚
624 1274 719 1335 quam
754 1252 779 1315 si
816 1251 931 1337 picam,
959 1251 1099 1315 hnmana
1131 1268 1296 1318 conantem
1332 1254 1443 1330 verba,

490 1353 568 1417 velit
582 1353 701 1417 homini
716 1375 891 1439 coaequare.
938 1353 1003 1416 Alii
1018 1353 1173 1439 profecto,
1188 1354 1304 1420 similes
1318 1359 1391 1431 mei,
1407 1376 1441 1418 se

492 1456 586 1542 nugis
601 1454 775 1519 curialibus
789 1458 1070 1539 mancipaverunt3
1093 1470 1130 1521 ut
1152 1480 1342 1543 magnorum
1357 1460 1441 1523 viro·

491 1581 563 1621 rum
586 1556 761 1644 patrocinio
790 1557 875 1638 freti,
898 1571 1024 1641 possent
1048 1558 1089 1622 ad
1122 1558 1250 1623 divitias
1278 1560 1440 1644 aspirare:

491 1662 609 1748 quibus
625 1684 658 1725 se
673 1661 836 1733 videbant,
849 1672 889 1724 ·et
908 1659 1034 1745 judicio
1055 1660 1266 1738 conscientiae,
1287 1661 1443 1749 quicquid

493 1762 603 1849 lingua
625 1763 813 1839 dissimulet,
836 1761 1022 1827 fatebantur
1043 1763 1199 1847 indignos.
1245 1763 1352 1829 Taceo
1376 1768 1445 1829 vias

490 1865 637 1939 istorum,
659 1866 810 1951 quoniam
833 1888 885 1929 eas
909 1866 1123 1947 Polycraticus
1143 1879 1251 1931 noster
1272 1867 1443 1953 diligenter

491 1967 673 2051 exequitur,
685 1968 743 2029 etsi
755 1988 863 2029 omnes
874 1966 966 2052 plene
978 1989 1038 2030 non
1052 1967 1189 2032 sufficiat
1200 1968 1366 2053 indagare:
1384 1968 1443 2032 hoc

491 2066 574 2128 enim
598 2066 679 2128 vires
700 2066 825 2130 excedit
849 2067 1011 2131 humanas.
1058 2070 1125 2132 Alii
1147 2082 1253 2133 autem
1272 2068 1443 2133 Comificio

492 2166 618 2243 similes,
638 2166 677 2229 ad
700 2166 788 2251 vulgi
812 2167 1032 2253 professiones,
1055 2192 1172 2256 easque
1193 2171 1375 2257 prophanas
1397 2194 1444 2234 re·

492 2268 570 2353 lapsi
588 2283 677 2334 sunt:
703 2291 813 2355 parum
831 2282 978 2334 curantes
992 2271 1073 2356 quid
1091 2272 1297 2359 Philosophia
1311 2273 1440 2346 doceat3

493 2370 572 2456 quid
602 2370 829 2457 appetendum,
853 2371 1098 2455 fugiendum-ve
1127 2374 1316 2438 denunciet:
1349 2374 1443 2438 dum·

496 2474 593 2538 modo
606 2495 668 2535 rem
682 2475 826 2553 saciant,
839 2475 867 2537 si
884 2485 1024 2556 possunt,
1038 2486 1129 2554 recte,
1142 2478 1173 2540 si
1187 2498 1248 2540 noa
1269 2497 1446 2560 quocunque

492 2577 589 2638 modo.
623 2576 783 2639 Exercent
792 2578 967 2659 soenebrem
984 2578 1160 2662 pecuniam,
1175 2577 1305 2642 alternis
1320 2579 1443 2643 vicibus

494 2677 663 2764 inaequalia
677 2677 900 2751 rotundantes;
921 2692 954 2742 et
969 2678 1146 2764 adjectione
1160 2680 1342 2766 multiplici,
1357 2681 1445 2766 quod

493 2780 755 2855 rotundaverant,
782 2780 997 2867 abaequantes.
1043 2782 1131 2845 Nihil
1158 2784 1244 2846 enim
1276 2783 1443 2847 sordidum

493 2896 619 2970 putant,
644 2884 721 2948 nibil
744 2885 890 2960 stultum,
914 2883 974 2946 nisi
994 2882 1388 2970 paupertatis'angustias,
1410 2898 1445 2949 st

494 2988 575 3051 solas
601 3011 678 3074 opes
704 2988 827 3052 ducunt
853 3010 921 3051 esse
946 2986 1090 3050 fructum
1119 2987 1293 3072 sapientiae.
1339 2988 1446 3073 Siqui-

492 3088 565 3151 dem
581 3089 703 3153 celebre
718 3102 765 3151 est
780 3090 812 3152 in
825 3087 920 3151 corde
935 3087 1154 3172 eurum‚quod
1171 3087 1214 3151 ait
1226 3087 1373 3168 Ethicus,
1385 3087 1445 3153 etsi

494 3188 555 3250 hoc
570 3210 654 3263 eum,
669 3189 748 3273 quis
761 3189 985 3266 contemnitur,
999 3188 1119 3251 dixisse
1133 3210 1196 3252 non
1212 3188 1378 3254 noverint:

601 3304 638 3355 Et
648 3320 739 3370 genus,
753 3310 779 3355 et
790 3302 909 3367 sormam,
921 3304 1013 3371 regina
1023 3306 1135 3375 pecnnia
1146 3306 1235 3371 donat,

600 3390 636 3441 Et
647 3390 713 3442 bens
725 3394 887 3441 nummatum
899 3389 1004 3441 decorat
1016 3389 1140 3456 Suadela,
1152 3391 1308 3461 Venusque:

498 3496 572 3558 Hoc
594 3506 698 3558 autem
723 3492 814 3579 qnasi
835 3493 1016 3579 quadrivio,
1040 3494 1100 3559 sibi
1124 3498 1238 3583 utique
1259 3498 1447 3575 necessario,

497 3595 668 3660 evadebant
683 3595 734 3657 illi
748 3593 904 3679 repentini
922 3594 1118 3680 Philosophi,
1129 3606 1163 3659 et
1177 3616 1249 3660 cum
1263 3598 1446 3675 Cornificio,

497 3720 559 3761 non
594 3696 688 3761 modo
715 3696 799 3760 trivii
829 3696 942 3775 nostri,
965 3696 1020 3759 sed
1053 3698 1155 3761 totius
1181 3698 1340 3785 quadrivii
1373 3722 1447 3764 con-

498 3812 679 3883 temptores.
724 3802 820 3877 Nam,
841 3809 877 3861 ut
898 3797 1021 3862 dictum
1043 3812 1104 3875 est,
1125 3814 1182 3865 aut
1205 3802 1266 3866 sub
1285 3814 1445 3888 praetextn

498 3900 657 3984 religionis
677 3900 902 3983 mergebantur
921 3899 953 3961 in
974 3898 1131 3977 claustris,
1145 3916 1214 3976 aut,
1228 3904 1289 3967 sub
1311 3903 1448 3987 imagine

498 4002 754 4089 philosophandi,
770 4014 803 4065 et
818 4000 968 4065 utilitatis
990 4002 1140 4086 publicae,
1155 4003 1383 4088 confugiebant
1406 4002 1447 4068 ad

498 4102 673 4191 physicam,
695 4116 751 4167 aut
778 4102 838 4167 sub
865 4102 1037 4167 honestatis
1062 4105 1227 4182 velamine,
1253 4128 1320 4191 quo
1345 4104 1450 4192 splen-

498 4206 622 4283 derent,
641 4217 673 4268 et
699 4204 957 4280 sublimarentur,
981 4229 1014 4271 se
1041 4206 1202 4291 praeclaris
1227 4206 1378 4271 domibus
1401 4207 1451 4270 in-

499 4308 667 4397 gerebant3
692 4322 746 4372 aut
763 4308 823 4371 sub
842 4308 977 4372 obtentu
997 4310 1200 4391 necessitatis,
1215 4312 1450 4397 exercendique

498 4411 603 4491 officii,
633 4410 709 4475 dum
741 4411 865 4476 lucrum
897 4410 1057 4487 sitiebant,
1088 4412 1275 4500 multiplicis
1306 4413 1450 4478 avaritiae
