3625 5317
490 774 549 835 tos
743 788 880 835 rosunrs
896 786 1179 836 ssnssssntsusrs
1298 773 1381 853 [us.
1398 792 1446 839 ιν.

495 938 589 1019 Quod
604 951 712 1003 sutem
731 941 834 1004 omnis
853 963 914 1019 res,
928 952 985 1003 sut
1002 950 1126 1005 creator
1144 939 1274 1017 dicitur,
1289 956 1350 1009 sut
1363 966 1448 1009 crea·

493 1054 577 1116 ture,
592 1039 634 1104 sd
650 1040 853 1116 substantias,
870 1053 903 1105 et
918 1039 959 1104 ad
974 1063 1022 1117 es,
1033 1063 1108 1126 qnae
1122 1041 1310 1109 substantiis
1325 1046 1445 1123 insunt,

494 1164 697 1229 quocumque
714 1141 818 1220 modo,
830 1165 869 1207 ex
881 1144 1071 1207 auctoritate
1086 1155 1213 1229 patrum
1231 1146 1450 1213 universitatis

494 1244 671 1331 complexio
686 1256 872 1311 revocatur:
897 1266 968 1310 nam
983 1246 1242 1312 enunciationum
1258 1246 1448 1333 significatio

494 1367 556 1409 non
573 1344 728 1429 contingit
750 1358 885 1431 urgente
905 1346 1015 1433 uliqus
1034 1348 1156 1411 ratione
1175 1350 1339 1414 sermonis.
1383 1352 1449 1430 Qui

495 1446 580 1510 enirn
596 1446 640 1511 sic
653 1448 765 1534 partiti
787 1460 872 1528 sunt,
887 1463 1099 1534 respexerunt
1118 1448 1160 1514 sd
1175 1448 1448 1536 incomplexorum

496 1548 749 1634 significationes.
802 1550 956 1615 Nonnihil
985 1571 1065 1636 ergo
1093 1566 1170 1617 sunt
1198 1574 1286 1628 vera,
1311 1576 1386 1640 quoe
1415 1555 1447 1619 in

496 1663 601 1716 mente
617 1650 676 1716 Dei
692 1651 879 1727 consistunt,
892 1650 947 1715 sed
963 1674 1021 1716 nec
1035 1664 1191 1719 creaturoe
1204 1666 1292 1726 sunt.
1303 1674 1343 1719 eo
1357 1654 1447 1742 quod

496 1753 538 1818 sb
552 1766 672 1818 aeterno
682 1753 867 1818 extiterunt.
902 1756 985 1817 Nsm
1001 1753 1079 1837 quin
1091 1753 1240 1838 qusedsm
1256 1756 1449 1840 sempiterna

496 1854 570 1933 sint,
590 1854 678 1920 nullo
696 1854 832 1943 quaestio
848 1866 913 1919 est:
943 1854 1003 1919 nisi
1023 1855 1106 1921 sorte
1125 1879 1165 1919 eo
1184 1855 1342 1921 referatur
1365 1857 1446 1923 illud

498 1957 730 2023 Ecclesiastici:
764 1960 827 2032 Qus·
849 1962 929 2021 cinit
953 1960 991 2023 in
1016 1964 1174 2021 eternum
1195 1962 1318 2023 crescit
1343 1964 1451 2025 omnic

499 2061 608 2125 simul.
637 2065 664 2125 A
677 2059 868 2146 quibusdam
880 2059 964 2123 euim
979 2060 1118 2124 refertur
1129 2073 1194 2125 tsm
1210 2060 1251 2125 ad
1262 2060 1344 2125 illud
1354 2083 1447 2148 opus,

497 2160 584 2248 quod
595 2162 627 2225 in
640 2184 672 2225 se
683 2160 904 2247 conspiciendo
915 2174 947 2225 et
959 2160 1157 2247 disponendo
1166 2162 1308 2227 Trinitas
1317 2174 1448 2248 operate

494 2273 554 2340 est,
565 2281 659 2347 qusm
676 2260 716 2325 sd
732 2262 921 2327 creationem
938 2261 1152 2348 primordialis
1162 2268 1315 2344 materiae,
1324 2285 1367 2328 ex
1381 2286 1447 2350 que

494 2360 599 2427 omnia
621 2371 728 2425 creata
753 2374 837 2440 sunt,
859 2374 917 2427 nut
939 2363 973 2426 in
998 2361 1069 2449 ipsa
1091 2364 1205 2429 creatis
1227 2377 1445 2431 concreantur.

496 2464 656 2529 Caeterum
673 2462 733 2525 hoc
743 2479 791 2527 est
806 2461 851 2527 eis
865 2484 944 2545 esse,
953 2464 1040 2550 quod
1054 2464 1093 2529 sd
1106 2464 1301 2551 primitivam
1316 2467 1447 2532 rationis

496 2562 657 2629 scientiam
673 2562 795 2647 referri,
812 2580 843 2626 et
865 2563 913 2626 ito
927 2585 989 2629 esse
1003 2566 1093 2649 quasi
1108 2568 1327 2648 pronunciari,
1341 2568 1447 2635 stabili

494 2665 716 2751 intentatoque
729 2662 862 2751 judicio.
907 2666 987 2731 Este
1008 2688 1085 2753 ergo
1101 2668 1248 2749 istorum,
1262 2670 1450 2735 innotescere

496 2782 561 2833 est:
592 2790 665 2833 nam
680 2782 713 2833 et
727 2766 939 2833 humanorum
957 2771 1126 2835 verborum
1142 2772 1222 2835 iden
1237 2774 1355 2837 dicitnr
1373 2794 1447 2856 pro-

495 2872 652 2949 nunciari,
666 2883 699 2936 et
713 2892 797 2948 este,·
819 2883 875 2936 sut
890 2874 1036 2936 memorio
1050 2875 1191 2951 retineri,
1207 2889 1240 2937 et
1254 2897 1326 2941 esse.
1364 2877 1447 2939 Nam

495 2975 536 3040 de
557 2976 659 3054 unico,
675 2974 880 3059 Augustinus
900 2973 958 3051 uit,
973 2974 1033 3038 hoc
1055 2986 1103 3039 est
1125 2977 1258 3041 verbum
1275 2999 1338 3041 non
1361 2975 1447 3065 quod

496 3077 612 3149 desinit
633 3075 804 3163 prolatum,
825 3076 880 3141 sed
902 3076 990 3162 quod
1012 3090 1177 3162 permonet
1199 3091 1322 3144 ustum.
1367 3080 1447 3156 Qus

497 3177 658 3243 distinctio
679 3173 916 3261 quodammodo
936 3175 1064 3241 videtur
1086 3177 1207 3264 inepta,
1220 3178 1281 3243 nisi
1300 3202 1360 3265 per
1374 3201 1445 3264 pro·

497 3278 644 3344 lationem
661 3274 869 3341 subsisterent
883 3277 989 3344 rerba.
1023 3280 1196 3357 Caeterum,
1208 3280 1359 3368 quonism
1375 3301 1446 3356 erse,

496 3390 525 3445 et
539 3399 642 3456 unum,
654 3387 683 3441 et
698 3396 756 3453 res,
768 3376 988 3465 multipliciter
1003 3379 1165 3456 dicuntur,
1178 3380 1294 3448 viderit
1309 3383 1448 3470 quisque

497 3480 658 3571 quomodo
693 3478 868 3545 dictionum
905 3479 1136 3566 interpretetur
1174 3480 1447 3569 significationem.
1475 3534 1479 3542 .

498 3586 630 3651 Habent
655 3582 763 3671 itaque
784 3604 835 3647 res
857 3583 998 3665 (naturae
1023 3583 1154 3662 scilicet,
1178 3586 1227 3649 vel
1253 3584 1447 3651 naturalium

496 3690 619 3776 opera‚)
649 3685 770 3753 habent
799 3684 1018 3773 cogitationes,
1043 3708 1213 3766 sermones,
1243 3703 1276 3753 et
1305 3711 1390 3765 vern,
1416 3700 1449 3752 et

497 3788 648 3856 rationes:
672 3786 808 3873 singula,
818 3787 960 3873 inquam,
972 3787 1040 3853 haec
1055 3788 1174 3854 hebent
1186 3810 1279 3856 suum
1291 3789 1449 3856 existendi

497 3888 640 3970 modum,
656 3903 691 3955 ut
712 3910 771 3976 pro
794 3889 949 3976 qualitate
968 3889 1066 3971 illius,
1084 3914 1194 3959 eorum
1216 3915 1290 3980 quae
1311 3891 1450 3957 fideliter

497 3988 718 4069 enuncientur,
728 3990 1204 4078 accipiendositinterpretatio‚
1212 3993 1298 4059 unde
1307 3992 1451 4080 inspecta

496 4096 666 4183 diligenter
682 4092 911 4178 significatione
926 4094 1109 4175 verborum,
1120 4104 1277 4162 esse‘vers
1288 4097 1449 4178 dicontur,

495 4212 637 4265 estnon
659 4216 734 4261 esse.
782 4196 855 4261 Non
876 4197 1045 4275 contendo,
1060 4198 1137 4263 dum
1162 4214 1267 4265 temen
1292 4222 1367 4264 vers
1384 4222 1447 4263 non

495 4300 622 4367 omnino
637 4298 716 4364 nihil
733 4302 817 4372 sint;
842 4296 922 4364 fslss
938 4320 1013 4363 vero
1028 4323 1261 4388 usquequaque
1275 4324 1338 4365 non
1356 4314 1446 4365 sunt:

494 4404 645 4493 quonism
675 4402 806 4467 omnino
832 4400 911 4467 nihil
941 4414 1026 4467 sunt.
1072 4403 1124 4467 Sic
1154 4404 1236 4469 enim
1264 4419 1295 4468 et
1323 4401 1449 4489 antiqui
