3625 5317
483 771 546 832 828
739 787 874 832 sosuurs
890 784 1165 834 ssassnsarassrs

485 939 555 1022 ejus
569 939 614 1001 ibi
630 937 749 1002 diutius
760 949 947 1022 expectaret
956 940 1106 1004 inhibuit.
1150 942 1202 1004 Ab
1215 942 1271 1004 illo
1286 963 1361 1024 ergo
1377 943 1429 1007 die

485 1040 621 1103 ecclesia
630 1039 692 1102 Dei
703 1039 804 1120 magis
814 1041 1432 1118 concutitur,minuunturetaufematur

483 1138 713 1222 possessiones,
730 1141 843 1204 litibus
857 1153 889 1204 et
909 1142 1089 1225 sumptibus
1103 1153 1260 1206 vexantur
1272 1144 1432 1220 homines,

482 1251 515 1302 ct
530 1240 612 1304 finnt
621 1261 748 1324 semper
760 1240 794 1304 in
807 1242 876 1306 dies
885 1243 1060 1326 posteriora
1074 1241 1183 1326 pejora
1191 1245 1359 1326 prioribus.
1383 1247 1429 1308 Ut

482 1355 588 1404 autem
607 1343 715 1426 palam
735 1343 850 1407 fierent
872 1345 967 1420 mala,
989 1345 1125 1428 quisque
1144 1334 1267 1414 nocent
1287 1347 1427 1429 optabat.

483 1441 681 1506 Gaudebaut
708 1444 794 1506 enim
823 1455 860 1507 nt
889 1443 1030 1506 Sodoma
1057 1445 1091 1506 in
1126 1445 1176 1508 sni
1208 1446 1429 1528 publicatione

483 1540 616 1622 peceati.
658 1541 743 1603 Nam
758 1540 903 1623 quisquis
917 1543 1105 1603 Anselmum
1119 1543 1303 1621 offenderet,
1317 1544 1429 1623 gratis·

483 1639 598 1702 simum
607 1639 674 1719 regi
686 1638 851 1702 videbatur
859 1638 1000 1702 officium
1015 1641 1207 1723 praestitisse.
1231 1643 1306 1704 Non
1316 1655 1384 1705 erat
1396 1643 1427 1705 ei

481 1740 616 1822 requies,
626 1740 688 1802 nisi
700 1760 798 1822 quum
810 1740 890 1802 sorte
901 1761 936 1802 se
947 1741 1084 1802 clanstro
1095 1741 1312 1821 immergebat
1337 1743 1428 1806 Fate-

482 1838 576 1902 batur
591 1839 652 1901 boc
668 1859 744 1902 cum
756 1839 910 1912 lacrimis,
923 1837 1106 1922 hujusmodi
1122 1840 1267 1903 adhibita
1281 1841 1428 1904 similitu-

483 1935 568 2000 dine.
584 1936 860 2020 “Sic”inqnit“in
870 1938 1427 2021 cavernabubolmtatnrcnmpullis:

482 2036 695 2118 egredientem
716 2058 789 2101 vero
811 2038 900 2101 corvi
920 2038 1156 2122 comiculaeque
1175 2039 1299 2102 laniant
1317 2051 1350 2104 et
1363 2040 1428 2104 dis-

481 2151 625 2220 cerpunt.
641 2139 812 2204 continete
822 2138 1222 2222 vosiutraquantumlicet,
1228 2139 1425 2204 dilectissimi

480 2237 560 2315 filii3
583 2239 659 2302 satis
673 2249 732 2316 est,
746 2239 833 2322 quod
848 2259 899 2302 me
914 2241 1076 2302 bubonem
1085 2260 1176 2302 saum
1187 2241 1316 2322 negotia
1325 2262 1427 2304 saecu-

480 2338 558 2400 laria
580 2340 797 2420 tumultusque
822 2339 1045 2402 consumunt.”
1087 2340 1171 2403 Nam
1197 2351 1230 2402 et
1257 2340 1426 2404 domestici

479 2436 549 2518 ejus
569 2457 611 2498 ex
631 2457 745 2517 magna
766 2449 855 2519 parte
876 2438 1124 2502 adversabantur
1137 2439 1178 2502 ei.
1221 2440 1303 2502 Erat
1319 2453 1425 2504 autem

479 2535 525 2598 sic
541 2533 685 2596 infirmus
700 2532 742 2596 sd
763 2534 939 2611 mundana,
961 2547 997 2598 ut
1016 2537 1163 2620 quotiens
1182 2538 1367 2621 aliquandiu
1381 2560 1424 2604 ex

477 2637 669 2704 necessitate
699 2637 906 2702 saecularibus
928 2641 1035 2703 causis
1056 2641 1214 2718 intererat,
1243 2653 1299 2704 aut
1318 2644 1424 2706 auimo

477 2739 640 2816 deiiceret,
656 2748 711 2802 eut
725 2757 850 2819 gravem
860 2739 1000 2821 aliquam
1008 2739 1423 2820 incurreretaegritudinem.

478 2840 670 2904 Ratiociniis
688 2841 839 2902 interesse
854 2861 919 2902 non
940 2851 1083 2922 poterat3
1106 2841 1166 2904 sed
1183 2841 1367 2917 Baldwino,
1383 2842 1424 2907 de

478 2963 543 3026 quo
573 2941 694 3004 dictum
723 2950 782 3016 est,
810 2940 997 3002 imminebat
1024 2940 1166 3004 omnium
1196 2963 1283 3005 cura.
1328 2943 1424 3007 Unde

476 3042 626 3126 quotiens
636 3041 757 3104 licitum
765 3052 840 3117 erat,
853 3041 1056 3103 secretiorem
1062 3040 1304 3119 adibstlocum;
1317 3057 1351 3106 et
1359 3066 1424 3109 non

477 3141 592 3204 diebus
615 3159 720 3220 neque
742 3138 892 3201 noctibus
911 3137 968 3201 sed
988 3159 1048 3201 nec
1068 3139 1150 3201 inter
1168 3140 1426 3221 prandenduma

478 3238 649 3320 colloquiis
660 3236 778 3298 divinis
787 3249 818 3298 et
826 3239 1131 3301 oratiouecessabat.
1155 3239 1424 3324 Scripsitinterim

475 3337 591 3400 librum
614 3333 654 3396 de
677 3337 902 3398 lucarnatione
925 3339 1041 3414 Verbi;
1063 3360 1157 3422 quem
1172 3342 1334 3423 epistolari
1348 3346 1424 3410 stile

475 3435 692 3518 conscriptum
715 3435 880 3499 Romanus
902 3441 1049 3520 pontifex
1063 3442 1209 3505 ecclesie
1223 3447 1423 3527 approbavit.

476 3541 560 3602 Nam
578 3549 610 3602 et
625 3538 776 3601 Urbanus
791 3537 967 3601 rationibus
981 3540 1055 3602 inde
1076 3543 1212 3626 sumptis
1226 3546 1262 3606 in
1282 3547 1424 3610 concilio

476 3639 610 3702 Barensi
624 3659 701 3702 usus
716 3651 766 3701 est
781 3650 891 3702 contra
906 3639 1049 3702 Graecos.

474 3871 556 3953 Cap.
577 3875 606 3932 8.
641 3871 801 3944 Quomodo
830 3873 1001 3936 Anaelmus
1032 3875 1104 3938 adit
1131 3897 1232 3959 sepem
1262 3878 1427 3942 lumiliter

513 3979 629 4054 petens
639 3973 772 4036 Romam
785 3973 889 4036 redire
899 3995 961 4055 pro
967 3977 1072 4057 pallio
1082 3978 1179 4063 efficii
1188 3980 1240 4040 sui
1247 3981 1424 4042 coercendi.

515 4071 567 4135 De
586 4073 832 4153 perturbatione
853 4083 885 4151 et
907 4095 1007 4137 causa
1030 4078 1115 4139 inter
1135 4098 1238 4159 recem
1262 4086 1293 4142 ct
1321 4081 1425 4142 urchi-

514 4175 690 4254 episcoptrm
706 4180 736 4234 et
751 4173 910 4251 episcopos
923 4175 1059 4256 Anplioe.

515 4343 641 4403 Reunia
659 4340 699 4403 de
715 4340 932 4403 transmarinis
948 4345 1089 4423 partibus
1104 4346 1289 4411 redeuntem
1309 4353 1423 4414 Ansel-
1458 4324 1462 4329 ἡ

471 4459 541 4502 mus
557 4438 644 4513 adiit,
661 4439 821 4502 humiliter
841 4450 967 4522 petens,
982 4453 1017 4505 ut
1040 4466 1095 4524 pre
1117 4449 1307 4512 necessitate
1323 4451 1421 4514 officii
