3625 5317
400 825 472 869 cae.
488 806 580 886 xus]
762 819 1001 866 uarsmmcus.
1309 799 1350 859 88

396 974 480 1039 enim
506 992 679 1038 sermonem
706 972 803 1037 hahet
829 971 869 1035 ad
897 969 1066 1057 populum,
1091 990 1148 1033 nec
1178 964 1345 1031 arbitrium

397 1073 477 1159 legis
505 1086 660 1159 expectat.
720 1074 795 1158 Ipsa
824 1093 958 1159 quoque
991 1071 1084 1149 ratio,
1112 1090 1210 1156 quam
1244 1064 1347 1130 oratio

398 1174 544 1247 rectinet
560 1172 754 1237 adminiculo
769 1171 932 1245 sermonis,
942 1170 983 1236 sd
995 1170 1144 1247 animam,
1155 1192 1211 1255 per
1226 1189 1345 1241 aurem,

397 1274 587 1358 ingrediens,
611 1274 712 1361 ipsam
738 1288 857 1350 movet,
880 1272 990 1337 itidem
1016 1271 1263 1336 instrumentum
1289 1284 1345 1335 est.

397 1380 500 1439 lmmo
516 1377 584 1440 haec
598 1389 658 1451 est,
674 1398 748 1461 quae
764 1374 839 1439 facit
856 1388 893 1440 ut
913 1374 1016 1440 oratio
1031 1373 1072 1438 sit
1087 1375 1345 1437 instrumentum.

397 1479 509 1543 Virtus
522 1479 604 1541 enim
621 1476 773 1541 orationis
793 1490 839 1540 est
855 1498 944 1539 mens
958 1489 1057 1561 atque
1077 1474 1249 1538 sententia:
1280 1472 1346 1536 sine

395 1602 463 1663 qua
489 1602 545 1643 uec
572 1580 691 1663 sigere,
715 1601 771 1641 nec
795 1600 924 1641 movere
948 1591 1054 1661 potest
1079 1576 1191 1640 oratio.
1236 1578 1346 1647 Quum

396 1684 507 1765 itaque
519 1679 655 1765 quoestio
670 1680 711 1743 sit
725 1678 867 1752 materia,
881 1678 962 1741 ratio
976 1678 1024 1740 vel
1040 1678 1143 1741 oratio
1156 1678 1347 1739 instrumen-

394 1794 479 1861 tum,
490 1779 569 1843 artis
584 1800 681 1863 opera
696 1778 901 1863 singulariter
915 1778 947 1840 io
962 1800 1001 1839 eo
1016 1791 1169 1852 versatur,
1182 1789 1217 1840 ut
1233 1775 1350 1837 iustru-

395 1885 496 1946 menti
511 1881 633 1966 copiam
651 1879 757 1955 facist,
773 1891 806 1943 et
826 1878 938 1943 doceat
961 1900 1055 1942 usum
1071 1878 1159 1964 ejus:
1187 1875 1347 1942 materiam

395 1984 480 2047 enim
507 1994 661 2068 praestant
688 1981 897 2045 communiter
922 1996 954 2044 et
982 1980 1053 2043 aliae
1078 1979 1271 2066 disciplima:
1306 1980 1347 2041 si·

395 2083 526 2169 quidem
545 2084 688 2170 undique
703 2094 871 2169 emergunt
887 2084 1089 2168 quaestiones,
1106 2082 1159 2146 sed
1175 2104 1238 2146 uon
1255 2080 1347 2144 undi-

397 2208 462 2269 que
476 2184 696 2251 absolvuntur.

396 2374 477 2460 Cap.
495 2380 546 2439 13.
571 2378 710 2451 Quanta
721 2377 874 2441 utilitatis
883 2378 927 2439 sit
938 2376 1075 2441 clenna
1082 2374 1347 2456 probabilium&

439 2497 514 2559 quae
526 2479 711 2560 simpliciter
724 2480 907 2544 necessaris
921 2498 988 2543 non
994 2479 1099 2561 facile
1112 2479 1324 2540 innotescant.

441 2600 535 2667 Tuus
549 2602 659 2687 itaque
674 2602 853 2681 facultates,
870 2603 1036 2677 naturalis,
1051 2602 1189 2677 moralis,
1204 2614 1237 2665 et
1253 2603 1346 2666 ratio-

396 2699 489 2777 nalis,
501 2702 663 2765 materiam
676 2715 843 2787 praestant:
863 2703 941 2788 quia
951 2702 1086 2785 singulte
1097 2724 1170 2764 suas
1181 2712 1346 2785 exponunt

395 2803 598 2884 questiones.
643 2801 770 2875 Quaerit
791 2803 874 2866 enim
897 2803 1013 2877 ethica,
1028 2802 1216 2887 parentibus
1234 2803 1346 2882 magis,

395 2922 436 2964 au
468 2900 605 2987 legibus,
634 2915 781 2988 oporteat
810 2901 952 2980 obedire,
983 2902 1009 2966 si
1040 2902 1122 2966 lorte
1150 2899 1346 2965 dissentiant.

396 3000 544 3085 Physica,
577 3002 718 3066 mundus
748 3016 886 3066 aeternus
916 3003 968 3082 sit,
993 3013 1051 3065 aut
1079 3014 1266 3087 perpetuus,
1292 3013 1348 3066 aut

395 3101 527 3165 initium
549 3099 711 3177 habuerit,
726 3110 759 3163 et
778 3100 818 3165 sit
839 3101 933 3164 linem
955 3100 1126 3165 habiturus
1145 3104 1347 3187 intempore,

394 3214 454 3266 aut
485 3201 526 3266 sit
551 3201 631 3265 nihil
655 3203 778 3267 horum.
823 3204 955 3290 Lugios,
980 3226 1020 3267 au
1050 3205 1280 3268 contrariorum
1307 3202 1347 3270 sit

395 3304 506 3367 eadem
522 3302 700 3390 disciplina,
712 3303 862 3390 quoniam
878 3327 986 3370 eorum
1002 3305 1086 3369 idem
1102 3330 1220 3371 sensus.
1252 3308 1348 3384 Quae·

396 3418 474 3469 runt
488 3427 565 3491 ergo
582 3406 729 3491 singulae,
743 3419 776 3471 et
797 3406 869 3472 licet
885 3407 950 3472 suis
971 3408 1158 3473 muniantur
1172 3410 1346 3495 principiis,

396 3507 442 3570 eis
464 3519 569 3571 tamen
595 3508 717 3593 Logica
737 3508 903 3573 methodos
926 3532 1009 3589 suas,
1027 3511 1205 3597 compendii
1229 3511 1348 3576 scilicet

397 3608 544 3684 rationes,
567 3609 774 3674 communiter
799 3611 1032 3687 subministrat,
1055 3612 1141 3676 unde
1164 3634 1226 3675 non
1251 3614 1347 3676 modo

396 3709 437 3771 ad
450 3709 717 3786 exercitationem,
728 3713 782 3775 sed
795 3712 834 3775 ad
846 3712 1057 3790 obviationes,
1066 3727 1097 3778 et
1109 3713 1162 3789 ad,
1172 3715 1347 3779 secundum

396 3808 642 3896 philosophiam,
656 3809 842 3897 disciplinas
863 3811 1032 3876 utilissima
1052 3828 1109 3879 est.
1157 3814 1237 3877 Nam
1259 3830 1291 3879 et
1306 3814 1347 3879 de

397 3913 562 3997 proposito
577 3913 763 3978 methodum
787 3914 918 3991 habens,
933 3914 1026 3979 facile
1046 3928 1300 4001 argumentatur,
1315 3931 1348 3982 et

396 4011 454 4097 qui
471 4012 643 4079 multorum
664 4014 828 4101 opiniones
843 4018 953 4096 sciens,
969 4040 1032 4081 uon
1052 4019 1093 4082 ab
1108 4020 1277 4096 extraneis,
1293 4020 1347 4083 sed

395 4136 414 4177 a
445 4114 580 4200 propriis
613 4115 758 4203 loquitur
790 4117 1000 4195 documentis,
1030 4120 1194 4183 commode
1227 4122 1348 4195 obviat,

397 4214 571 4278 immutans
586 4215 741 4300 quicquid
759 4238 820 4281 non
837 4217 916 4282 bone
933 4220 1054 4283 dictum
1072 4220 1217 4283 videtur:
1244 4233 1276 4282 et
1291 4219 1348 4305 qui

395 4316 637 4381 circumstantes
667 4318 803 4383 attendit
834 4321 981 4392 rationes,
1012 4321 1043 4383 in
1075 4320 1207 4404 singulis
1237 4343 1345 4384 verum

395 4414 520 4481 facilius
542 4417 691 4483 discernit
711 4442 729 4481 a
752 4420 842 4496 falso,
858 4436 890 4484 et
914 4420 1049 4483 habilior
1071 4419 1218 4482 redditur
1240 4422 1279 4484 ad
1303 4422 1349 4487 in·

842 4530 899 4585 οἳ
