3625 5317
604 1094 798 1159 Jonuurs
821 1092 1210 1159 srnnsnunmusls

541 1274 596 1358 M
635 1274 675 1359 Ε
714 1274 754 1359 Τ
793 1276 830 1359 Α
869 1276 909 1359 L
947 1274 987 1360 0
1025 1274 1068 1360 G
1114 1276 1136 1361 l
1175 1274 1210 1359 C
1253 1274 1273 1360 Ι

758 1474 878 1528 LIBER
898 1472 1061 1527 PRIMUS.

433 1806 513 1892 Cap.
538 1808 565 1869 1.
600 1804 775 1869 Columnis
804 1822 879 1884 quae
909 1810 946 1867 ut
973 1804 1147 1887 Cornificio
1173 1826 1233 1869 creo
1261 1826 1387 1891 respon-

765 1904 905 1984 derum,
920 1905 1061 1969 entorsit.

475 2042 659 2106 Anvnnsos
697 2037 819 2123 insigne
857 2036 979 2103 donum
1011 2050 1136 2105 naturae
1174 2040 1324 2128 parentis,
1353 2056 1385 2108 et

404 2206 408 2219 ,
429 2144 554 2230 gratiae,
576 2141 766 2208 calumniam
790 2154 940 2220 veterem,
961 2155 995 2208 et
1021 2143 1177 2229 majorum
1204 2156 1384 2210 nostrorum

425 2244 550 2332 judicio
570 2244 826 2321 condemnatam,
848 2244 969 2317 excitat
990 2243 1157 2331 improbus
1178 2243 1331 2331 litigator,
1350 2260 1384 2313 ct

431 2345 621 2433 conquirens
643 2343 785 2431 undique
805 2344 976 2431 imperitiae
998 2366 1065 2409 suoe
1087 2344 1211 2424 solatia,
1224 2344 1290 2421 ¹sibi
1314 2370 1386 2434 pro-

430 2447 523 2511 ficere
540 2456 647 2533 sperat
666 2444 709 2509 ad
727 2442 873 2531 gloriam,
888 2444 915 2509 si
929 2443 1049 2510 multos
1063 2443 1180 2510 similes
1194 2445 1253 2524 aui,
1269 2446 1304 2511 id
1324 2461 1385 2526 cst,

430 2547 456 2613 si
481 2569 536 2613 cos
558 2546 673 2613 viderit
697 2544 881 2633 imperitos:
912 2545 1009 2611 habet
1030 2546 1114 2611 enim
1137 2546 1197 2611 hoc
1218 2548 1384 2635 proprium

429 2649 620 2733 arrogantiae
638 2659 755 2723 tumor,
772 2662 808 2713 ut
828 2671 862 2715 se
876 2648 1101 2714 commetiatur
1120 2648 1202 2728 aliis,
1217 2649 1301 2715 bona
1316 2674 1384 2725 sus,

430 2752 526 2837 siqua
539 2763 626 2827 sunt,
644 2750 787 2829 efferens,
802 2749 983 2835 deprimens
1006 2748 1127 2824 aliens3
1158 2750 1386 2839 deiectumque

427 2852 580 2939 proximi,
609 2870 705 2917 suum
742 2861 836 2936 putet
872 2872 939 2914 esse
975 2852 1168 2935 profectum.
1228 2852 1387 2917 Omnibus

427 2967 537 3019 autem
557 2966 643 3017 recte
662 2950 860 3037 sapientibus
879 2948 1051 3014 indubium
1072 2961 1133 3025 est,
1148 2950 1237 3035 quod
1260 2964 1385 3030 natura,

428 3052 675 3119 clementissima
692 3069 809 3137 parens
827 3048 983 3130 omnium,
996 3062 1030 3114 et
1050 3049 1297 3135 dispositissima
1317 3076 1385 3118 mo·

428 3155 584 3231 deratrix,
595 3152 679 3219 inter
693 3165 808 3217 caetera
818 3173 894 3239 quae
906 3152 1016 3235 genuit
1027 3151 1213 3230 animantia,
1224 3153 1383 3222 hominem

428 3253 596 3344 privilegio
617 3254 749 3321 rationis
770 3253 898 3335 extulit,
918 3267 951 3320 et
974 3277 1034 3320 usu
1057 3254 1177 3342 eloquii
1198 3256 1382 3343 insignivit:

428 3360 461 3425 id
476 3380 574 3445 agens
588 3356 758 3423 sedulitate
773 3354 922 3437 officiosa,
935 3370 968 3423 et
989 3355 1058 3443 lege
1078 3356 1330 3444 dispositissima,
1346 3376 1383 3428 ut

427 3462 535 3541 homo,
556 3460 614 3547 qui
635 3458 807 3546 gravedine
829 3456 1057 3523 ioecuientioris
1078 3473 1216 3537 naturoe,
1237 3473 1269 3525 et
1291 3462 1385 3529 molis

426 3584 587 3649 corporea*
602 3560 753 3626 tarditate
768 3560 984 3647 premebatur,
999 3576 1032 3624 et
1049 3560 1236 3625 trahebatur
1251 3560 1292 3625 ad
1306 3562 1382 3638 ima,

426 3663 478 3729 his
497 3662 589 3749 quasi
605 3661 775 3727 subvectus
789 3658 858 3736 uiis,
873 3660 915 3725 nd
935 3660 1001 3724 alta
1015 3660 1174 3739 ascendat,
1189 3674 1221 3727 et
1240 3662 1281 3726 ad
1300 3665 1385 3730 obti-

426 3762 567 3829 nendum
588 3785 673 3827 verre
692 3760 900 3827 beatitudinis
920 3760 1079 3841 bravium,
1092 3764 1197 3826 omnia
1216 3762 1278 3827 alia
1297 3762 1383 3830 seiici

426 3864 613 3951 compendio
624 3862 800 3929 antecedat.
838 3866 926 3928 Dum
938 3862 1049 3949 itaque
1060 3876 1206 3929 naturam
1218 3864 1383 3933 foecundat

427 3966 541 4050 gratia,
562 3964 644 4031 ratio
667 3964 762 4030 rebus
783 3962 1022 4051 perspiciendis,
1041 3977 1075 4028 et
1096 3964 1313 4031 examinandis
1335 3966 1383 4032 in·

428 4066 560 4151 yigilut3
584 4080 708 4132 naturae
724 4063 811 4129 sinus
825 4068 960 4144 excutit,
972 4065 1105 4131 metitur
1120 4065 1257 4149 fructus,
1270 4082 1303 4135 et
1318 4068 1383 4133 effi·

428 4167 545 4231 cociam
562 4166 776 4254 singulorum:
809 4180 840 4233 ct
860 4168 992 4233 innatus
1012 4166 1161 4232 omnibus
1183 4190 1273 4232 amor
1295 4168 1381 4245 boni,

427 4264 566 4332 naturali
582 4280 714 4352 urgente
729 4292 761 4333 sc
780 4268 940 4354 appetitu,
955 4266 1025 4344 hoc,
1041 4265 1226 4343 nutantum,
1243 4278 1300 4329 aut
1314 4288 1382 4351 prae

427 4368 549 4435 ceteris
561 4369 716 4454 sequitur,
726 4370 813 4456 quod
824 4369 907 4455 perci
912 4368 1036 4457 piendae
1044 4365 1234 4431 beatitudini
1246 4368 1383 4433 maxime
