3625 5317
459 734 500 795 32
719 750 855 795 scaurus
871 747 1148 796 saaesnamsnsrs
1292 734 1375 815 [ma.
1392 752 1413 798 1.

460 920 492 970 et
519 904 578 968 hoc
601 902 730 985 quidem
754 924 813 986 pro
834 900 1009 987 capacitate
1029 902 1239 988 ingeniorum.
1285 904 1412 968 Horum

462 1019 569 1071 autem
586 1004 646 1069 tria
662 1017 736 1069 sunt
751 1026 878 1091 genera,
895 1005 978 1069 sicut
994 1007 1201 1072 Carnoteuais
1222 1028 1318 1071 senex
1336 1008 1413 1070 Ber·

462 1109 594 1187 narduS,
614 1108 773 1194 frequenti
794 1108 964 1194 colloquio,
982 1108 1048 1173 suis
1067 1109 1270 1174 auditoribus
1287 1110 1413 1174 tradere

463 1207 636 1274 consuevit.
671 1208 769 1273 Aliud
779 1212 861 1275 enim
873 1209 1037 1285 advolans,
1053 1207 1141 1273 aliud
1154 1209 1309 1288 infimum,
1324 1208 1412 1273 aliud

463 1311 620 1375 mediocre
634 1323 693 1375 est.
738 1310 899 1376 Advolans
913 1310 1044 1396 quidem
1056 1311 1165 1376 eadem
1178 1310 1341 1393 facilitate,
1348 1333 1414 1397 qua

463 1412 610 1499 percipit,
621 1411 740 1476 recedit
755 1413 1017 1499 aperceptis,nec
1031 1412 1065 1476 in
1081 1412 1189 1499 aliqua
1203 1414 1278 1477 sede
1295 1412 1412 1477 incenit

462 1513 615 1599 requiem.
673 1514 826 1577 Infimum
861 1525 968 1576 autem
1006 1511 1174 1576 sublimari
1203 1535 1265 1576 non
1295 1527 1412 1599 potest,

463 1615 599 1704 ideoque
614 1616 790 1705 perfectum
803 1615 901 1679 nescit
916 1640 923 1679 :
947 1630 979 1680 at
995 1614 1165 1690 mediocre,
1181 1616 1303 1700 etquis
1317 1616 1413 1679 habet

462 1720 576 1807 inquo
600 1719 718 1795 sedeat,
741 1730 774 1782 et
797 1718 871 1805 quia
887 1716 1050 1782 sublimari
1066 1729 1182 1803 potest,
1207 1740 1264 1781 nec
1278 1716 1319 1781 de
1341 1739 1414 1803 pro·

462 1824 549 1888 fectu
565 1824 723 1909 desperat,
746 1834 778 1885 et
793 1820 1047 1905 philosophantis
1068 1820 1219 1884 exercitio
1238 1842 1415 1884 accommo-

464 1923 628 1987 dissimum
652 1935 710 1987 est.
756 1922 801 1985 Et
823 1920 855 1983 in
886 1922 945 1984 hac
974 1921 1104 2006 quidem
1127 1923 1231 2005 specie
1252 1933 1414 1996 naturam,

464 2025 588 2109 opinor,
601 2022 717 2086 artium
733 2021 943 2085 fundamenta
956 2022 1087 2086 secisse:
1111 2046 1189 2087 usus
1211 2023 1293 2087 enim
1316 2023 1414 2108 hujus

465 2122 571 2189 studio
585 2122 759 2189 invalescit.
782 2123 842 2187 Est
864 2135 970 2187 autem
987 2126 1036 2202 (ut
1051 2123 1197 2191 Ciceroni
1211 2124 1331 2211 placet)
1347 2139 1414 2191 stu·

465 2225 567 2303 dium,
577 2225 751 2307 assidua‚et
763 2225 931 2289 vehemens
942 2226 1038 2290 animi
1045 2226 1229 2313 applicatio,
1238 2226 1278 2291 ad
1291 2226 1413 2313 aliquid

464 2326 624 2413 agendum
636 2348 831 2413 magnacum
845 2324 1020 2392 voluntate.
1066 2326 1223 2392 Memoria
1233 2350 1308 2392 vero
1319 2329 1413 2413 quasi

464 2428 580 2493 mentis
594 2451 676 2505 arca,
688 2428 844 2516 firmaque
855 2441 888 2493 at
899 2427 1003 2491 fidelis
1018 2428 1165 2493 custodia
1179 2443 1414 2516 perceptorum.

466 2531 574 2607 Ratio,
590 2552 698 2595 eorum
714 2554 789 2618 quae
804 2530 959 2607 sensibus,
975 2544 1031 2595 aut
1044 2531 1149 2595 animo
1160 2545 1343 2604 occurrunt,
1359 2554 1417 2595 ex·

464 2630 633 2697 aminatrix
662 2631 758 2696 animi
780 2631 828 2695 vis
849 2644 909 2708 est,
932 2645 964 2696 et
978 2630 1083 2696 fidelis
1104 2632 1222 2697 arbitra
1242 2632 1415 2719 potiorum,

463 2754 538 2820 quae
552 2756 658 2798 rerum
682 2731 904 2799 similitudines
924 2733 1261 2820 dissimilitudinesque
1280 2756 1416 2821 perpen-

463 2835 553 2916 dens,
565 2835 691 2901 tandem
704 2848 804 2900 artem
812 2833 1034 2920 statuit,quasi
1046 2835 1207 2921 quandam
1219 2836 1416 2900 infinitorum

463 2940 584 3005 linitam
595 2938 841 3005 essescientiam.
857 2935 1096 3012 Quumenimin
1106 2935 1416 3002 adesinantnomina

464 3040 596 3115 infinita.
620 3062 657 3103 ea
678 3038 783 3102 omnia
805 3037 972 3102 foeminino
993 3035 1191 3102 deliniuntur
1212 3036 1358 3115 articulo,
1375 3039 1415 3102 iis

463 3139 611 3212 exclusis,
634 3160 707 3223 quae
723 3150 809 3200 certa
825 3159 889 3200 suae
907 3133 1111 3222 proprietatis
1129 3136 1340 3222 assignatione
1353 3137 1417 3202 dis-

463 3238 569 3305 tinxit.
615 3237 743 3322 Species
757 3235 889 3300 infinitas
904 3252 997 3302 sunt:
1027 3237 1080 3301 sed
1096 3237 1166 3302 haec
1179 3239 1213 3301 in
1228 3237 1273 3302 eis
1287 3238 1415 3303 finitum

463 3336 610 3413 tradidit,
632 3348 668 3401 ut
688 3335 869 3421 cuicunque
889 3336 979 3401 adest
993 3335 1123 3423 species,
1138 3338 1223 3403 adsit
1244 3351 1277 3403 et
1300 3361 1412 3421 genus.

432 3424 435 3435 ⁵
465 3439 600 3506 Numeri
623 3437 758 3503 infiniti:
781 3459 905 3501 omnem
929 3451 1034 3503 tamen
1058 3462 1165 3526 parem
1188 3439 1238 3505 vel
1260 3440 1413 3527 imparem

463 3563 531 3607 esse
545 3539 702 3606 delinivit:
726 3550 758 3604 et
768 3552 894 3625 utquot
906 3537 1035 3617 dicitur,
1047 3541 1172 3627 liquido
1187 3544 1414 3629 comprobetur

464 3641 626 3729 exemplo;
650 3638 910 3728 disceptationem
921 3640 1054 3728 primam
1068 3665 1161 3708 casus
1171 3643 1297 3709 intulit:
1321 3666 1416 3708 usum

464 3742 661 3830 disceptandi
686 3740 871 3812 exercitatio
892 3741 994 3805 auxit.
1039 3744 1249 3829 Disceptandi
1269 3744 1416 3819 formam,

464 3868 538 3934 quae
554 3868 605 3909 ars
618 3846 687 3932 ejus
701 3846 806 3933 operis
824 3857 882 3923 est,
904 3844 988 3911 ratio
1009 3844 1240 3931 deprehendit3
1264 3869 1316 3911 ars
1330 3847 1418 3912 culta

463 3949 598 4013 eontulit
615 3948 817 4013 facultatem:
841 3960 872 4012 et
887 3948 966 4035 quia
980 3947 1096 4011 artium
1112 3961 1227 4013 natura
1241 3963 1343 4014 mater
1357 3962 1416 4028 est,

465 4052 578 4115 merito
614 4048 646 4112 in
675 4048 822 4135 injuriam
852 4049 992 4132 parentis
1027 4047 1187 4114 redundat
1215 4063 1417 4138 contemptus

464 4172 583 4217 earum.
608 4147 726 4214 Sedulo
741 4148 841 4233 igitur
858 4148 1035 4232 ingenium,
1051 4161 1116 4214 tam
1132 4148 1231 4215 studii
1246 4173 1346 4236 quam
1368 4174 1416 4215 re-

463 4252 620 4318 missionis
642 4248 868 4323 moderatione,
891 4247 1099 4313 excolendum
1115 4263 1175 4329 est,
1197 4263 1235 4316 ut
1251 4250 1293 4315 ab
1315 4252 1416 4317 altero

463 4352 671 4430 convalescat,
701 4350 742 4415 ab
771 4348 871 4414 altero
900 4348 1106 4415 confortetur.
1161 4350 1258 4415 Unde
1289 4352 1417 4438 egregie
