3625 5317
756 776 979 827 ermaricus.
1285 767 1350 825 070

394 928 481 992 Hinc
497 930 625 1013 sapiens
639 928 748 993 audire
763 929 865 1013 cupit,
880 949 1082 1015 quecunque
1097 948 1215 995 nocere

478 1030 631 1105 Possunt,
646 1042 682 1093 ut
695 1040 816 1107 cesset,
831 1028 988 1114 quicquid
1002 1031 1117 1097 obesse
1130 1039 1247 1113 potest

579 1134 631 1195 De
646 1132 853 1215 Endymione
866 1140 900 1197 et
912 1134 1062 1215 iopam
1075 1133 1155 1217 ey‘co.

392 1230 632 1315 cojuscunque
647 1233 693 1296 rei
708 1233 849 1297 firmetur
863 1232 973 1316 opinio
987 1255 1072 1314 vers,

478 1334 553 1397 Hoc
569 1345 659 1398 vetus
672 1334 860 1417 Endymion
873 1335 1000 1399 censuit
1012 1356 1084 1401 esse
1098 1335 1207 1401 fidem.
1250 1340 1344 1402 1100

391 1434 512 1497 Asseris
526 1454 670 1511 errorem,
686 1434 714 1497 si
729 1434 786 1497 fiat
799 1432 911 1517 opinio
925 1435 1037 1513 fallax,

478 1529 637 1615 Falsaque
651 1531 772 1595 nesciri
786 1530 866 1595 dicit
881 1542 913 1593 et
928 1540 995 1595 arte
1009 1532 1134 1614 probat

390 1629 518 1693 Falsum
532 1630 684 1707 nescitur,
700 1630 776 1714 quia
789 1630 879 1693 nulle
892 1630 1029 1695 scientia
1042 1631 1136 1711 fallit,

476 1731 547 1795 Neo
561 1730 745 1812 permisceri
758 1730 818 1795 lux
834 1731 1039 1815 tenebraeque
1055 1733 1171 1799 velent

389 1828 554 1893 Interdum
570 1830 635 1893 reri
651 1830 760 1914 specis
775 1830 929 1895 falluntur
942 1830 1068 1906 inanes,
1259 1836 1340 1895 llos

476 1933 661 2015 Votivaeque
678 1933 723 1997 rei
739 1932 843 1995 dulcis
856 1930 963 2014 imago
978 1942 1074 1997 tenet.

390 2034 472 2097 Sunt
485 2054 566 2117 quos
580 2054 641 2097 neo
657 2040 775 2111 verum,
790 2052 851 2097 nec
867 2053 943 2096 vero
957 2030 1078 2097 mulcet
1090 2033 1208 2116 imago,

474 2134 538 2197 Sed
552 2133 621 2199 vitii
637 2132 764 2216 species
778 2134 923 2217 salsaque
938 2135 1009 2197 sola
1016 2133 1142 2217 juvant.

411 2232 504 2300 Quod
517 2236 636 2297 venitm
650 2234 939 2312 memoratores,
954 2234 1316 2331 mrieimilitodo‘iooa.

388 2334 448 2397 Est
462 2337 511 2398 sol
525 2333 699 2399 conformis
714 2354 799 2411 reto,
816 2335 959 2419 salsoque
976 2333 1104 2412 Selene,

473 2435 552 2507 Qum
567 2435 673 2499 lucem
687 2435 816 2499 simulat
830 2444 861 2499 et
875 2437 1040 2501 maculosa
1053 2446 1173 2501 manet.
1255 2436 1339 2500 1180

386 2536 471 2599 Nam
487 2536 573 2620 quod
588 2539 647 2601 sub
662 2539 739 2602 luna
753 2559 882 2613 vanum,
897 2540 1051 2603 mutabile
1065 2550 1167 2616 nutet,

472 2634 537 2698 Sed
552 2633 636 2699 circa
650 2636 761 2713 solem,
776 2634 843 2702 fido
857 2638 965 2718 quiete
978 2650 1119 2701 manent.

386 2734 513 2817 Regnat
526 2736 559 2799 in
575 2734 716 2799 excelsis
730 2755 848 2811 verum,
862 2734 949 2815 viget
962 2755 1047 2797 error
1060 2735 1094 2797 in
1109 2736 1184 2800 imis

469 2837 515 2901 Et
528 2836 611 2901 fallit
623 2835 772 2917 populos,
787 2852 870 2917 quos
884 2854 966 2913 vaga
978 2833 1057 2898 luna
1070 2835 1195 2919 premit

385 2934 480 3000 Clare
494 2956 591 3018 super
603 2936 714 2999 lunam
728 2952 861 3017 superos
876 2932 941 2995 veri
955 2942 1044 2997 tenet
1057 2934 1142 3011 aula,
1252 2939 1334 2998 llso

469 3036 607 3099 Inferius
622 3034 779 3098 mundum
792 3034 923 3098 nubilus
937 3055 1022 3099 error
1036 3036 1111 3116 egit.

382 3138 433 3201 De
443 3138 600 3215 Arcesila,
607 3137 759 3219 principe
768 3134 1043 3212 Academicorum,
1051 3142 1083 3198 et
1094 3134 1242 3216 comte
1251 3136 1332 3218 q'rte.

382 3238 557 3301 Arcesilam
571 3236 717 3321 sequitur
730 3235 904 3301 Academia
916 3234 1021 3318 prisca
1035 3234 1204 3299 docentem

466 3339 513 3401 Et
526 3357 628 3419 genus
643 3337 814 3401 humanum
830 3336 901 3399 luce
913 3355 1019 3399 carere
1034 3334 1121 3399 facit.

610 3437 662 3499 De
676 3437 879 3513 Antisthene,
894 3435 1093 3499 Academico.

381 3538 516 3602 Doctior
530 3538 736 3603 Antisthenes
750 3536 975 3613 Academicus,
989 3536 1099 3599 omnia
1112 3538 1214 3601 solnm

466 3638 555 3704 Scire
571 3642 678 3704 Deum
694 3638 774 3703 dicit
788 3651 820 3703 et
834 3640 956 3702 ratione
970 3638 1094 3720 probat.
1247 3640 1330 3703 1140

380 3738 501 3803 Asserit
514 3752 547 3805 et
559 3759 693 3821 superos
707 3760 802 3822 quam
817 3738 953 3821 plurima
966 3737 1060 3814 scire,
1074 3758 1135 3802 nec
1150 3759 1262 3804 omnes

465 3838 592 3915 Omnis,
608 3839 754 3901 mortales
769 3839 907 3919 paucula
920 3836 1002 3901 scire
1016 3845 1118 3920 putet,

380 3940 520 4003 Haesitot
533 3939 567 4000 in
582 3939 717 4016 cunctis,
731 3938 795 4001 nisi
810 3959 882 4021 quae
897 3940 1018 4003 ratione
1032 3941 1207 4022 probanmr

467 4039 559 4114 Viva,
576 4041 630 4104 ou'i
645 4048 755 4120 stupor
769 4047 896 4101 estnon
912 4038 1063 4105 habuisse
1077 4038 1185 4103 fidem.

682 4136 771 4205 Quid
784 4140 826 4199 sit
841 4139 929 4200 ratio
943 4141 1026 4202 oioo.

379 4240 466 4305 Vivit
480 4240 567 4304 enim
582 4238 675 4309 ratio,
695 4259 766 4321 quae
781 4258 839 4321 per
853 4259 887 4301 se
902 4248 979 4302 note
993 4237 1131 4322 patescit
1246 4242 1329 4302 1140

464 4343 530 4406 Aut
544 4360 601 4424 per
615 4360 650 4402 se
664 4340 750 4403 notis
766 4360 892 4422 semper
906 4339 1020 4401 adesse
1035 4340 1126 4401 solet.

827 4456 847 4500 τ
863 4444 883 4500 2
