3625 5317
461 748 499 809 lt
730 763 866 811 roauurs
881 764 1160 813 saaasuanreusrs
1294 749 1378 829 [mu.
1395 771 1418 815 1.

516 982 596 1068 Cap.
612 983 643 1046 2.
668 985 848 1067 Descriptio
861 1004 1010 1067 peracuta
1024 1008 1194 1075 suppresso
1208 990 1348 1053 nomine.

503 1116 607 1183 lustru
637 1140 713 1183 vero
740 1116 873 1204 vulgato
906 1118 1102 1203 designarem
1131 1144 1173 1186 ex
1204 1121 1342 1199 nomine,
1372 1138 1417 1202 et,

456 1230 612 1285 tumorem
630 1218 762 1297 ventris,
777 1232 810 1285 et
825 1222 960 1296 meatim
986 1222 1051 1287 oris
1065 1222 1312 1309 impudicitiam,
1326 1247 1417 1313 rapa-

455 1319 582 1385 citatem
597 1340 764 1396 manuum,
779 1332 889 1405 gestus
903 1319 1078 1399 levitatem,
1093 1321 1271 1389 faeditatem
1287 1344 1413 1389 morum

456 1422 552 1505 (quos
577 1432 645 1489 tota
670 1420 785 1487 vicinia
810 1420 967 1507 despuit,)
994 1422 1234 1489 obacoeaitatem
1262 1422 1416 1505 libidinis,

455 1519 690 1589 deformitatem
711 1523 866 1609 corporis,
889 1524 1121 1610 turpitudinem
1146 1525 1232 1605 vitre,
1253 1526 1414 1593 maculam

454 1621 557 1699 iamoe,
580 1623 719 1710 publicis
739 1621 923 1709 aspectibus
942 1622 1090 1711 ingerens
1111 1625 1328 1706 denudarem3
1352 1628 1413 1693 nisi

453 1747 504 1791 me
525 1725 699 1793 Christiani
719 1726 856 1793 nominis
874 1727 1050 1795 reverentia
1068 1727 1242 1793 cohiberet.
1287 1732 1414 1795 Memor

454 1829 537 1895 euim
560 1826 764 1917 professionis
783 1848 874 1903 mese,
890 1841 923 1892 et
944 1826 1106 1904 fraternae,
1124 1851 1200 1915 quse
1217 1830 1250 1895 in
1271 1832 1413 1897 Domino

453 1941 513 2007 est,
527 1927 768 2006 communionis,
782 1925 1016 2011 indulgendum
1030 1950 1098 1993 esse
1117 1950 1262 2015 personat¹
1279 1931 1411 2008 credidi,

453 2028 532 2094 dum
562 2040 667 2092 tamen
698 2048 760 2091 nun
790 2025 998 2113 indulgeatur
1026 2030 1136 2094 errori.
1186 2031 1308 2098 Deiera
1334 2056 1412 2119 ergo

454 2134 535 2208 Deo.
550 2152 683 2217 parcens
703 2141 841 2209 naturae,
855 2151 930 2215 quae
943 2130 986 2195 ab
1005 2131 1077 2220 ipso
1090 2144 1152 2210 est,
1166 2145 1200 2198 et
1220 2136 1411 2221 impugnans

452 2233 581 2312 vitium,
602 2230 691 2317 quod
713 2243 824 2297 contra
845 2228 951 2317 ipsum
972 2244 1041 2305 est3
1072 2231 1149 2299 dum
1173 2247 1321 2300 naturam
1342 2259 1412 2301 cor-

452 2335 585 2422 rumpit,
610 2355 708 2421 quam
734 2330 787 2397 ille
808 2331 983 2418 generant.
1034 2332 1159 2421 Utique
1184 2357 1244 2421 par
1268 2350 1315 2403 est
1342 2339 1411 2403 sine

451 2436 657 2522 derogatione
670 2454 825 2521 personae,
837 2431 1027 2499 senteutiam
1041 2432 1244 2521 impugnari;
1267 2436 1411 2524 nihilque

452 2537 591 2625 turpius,
612 2558 709 2621 quam
733 2557 835 2621 quum
859 2534 1016 2600 sententia
1036 2534 1195 2620 displicet,
1209 2550 1268 2603 aut
1288 2538 1408 2626 opinio,

451 2640 563 2707 rodere
578 2662 693 2706 nomen
704 2638 859 2704 auctoris:
883 2637 977 2725 louge
991 2637 1125 2725 quidam
1137 2639 1335 2725 probabilius
1348 2658 1407 2721 est,

450 2755 488 2809 ut
502 2738 644 2828 opinioni
655 2738 757 2819 falsae,
768 2750 930 2825 quatenus
943 2751 1049 2805 tamen
1060 2761 1149 2805 error
1163 2739 1338 2808 tolerabilis
1347 2757 1407 2821 est,

449 2856 600 2931 parcatur
610 2828 775 2909 interdurd
786 2852 918 2929 propter
927 2840 1101 2920 hminem,
1114 2864 1210 2929 quam
1227 2855 1263 2909 ut
1275 2857 1410 2933 propter

448 2944 626 3032 opinionem
643 2944 739 3009 homo
752 2955 915 3031 carpatur.
961 2940 1097 3027 Singula
1111 2942 1178 3009 suis
1198 2952 1274 3009 sunt
1288 2945 1408 3010 exami-

447 3045 554 3112 nanda
578 3044 714 3121 indiciis,
739 3057 772 3108 et
802 3043 891 3130 paria
920 3041 1043 3107 meritis
1069 3054 1145 3107 aunt
1174 3042 1306 3129 prumia
1331 3067 1407 3109 con·

449 3145 597 3211 ferenda:
621 3145 666 3209 ita
680 3155 799 3221 tamen,
811 3155 848 3208 ut
859 3142 996 3230 rigorem
1009 3143 1222 3209 mansuetudo
1231 3144 1406 3213 clementiae

447 3245 563 3312 vincat.
595 3248 678 3311 Haec
692 3245 803 3331 itaque
814 3242 1090 3329 contemplatione,
1102 3244 1263 3330 suppressi
1278 3245 1405 3332 vulgati

446 3348 583 3415 nominis
597 3357 723 3413 notam:
752 3368 791 3411 ne
805 3368 867 3411 non
883 3356 948 3411 tam
964 3346 1079 3411 erroris
1095 3346 1205 3411 ridear
1218 3368 1406 3432 procurasse

446 3450 613 3526 medelam,
628 3470 726 3535 quam
747 3446 901 3513 infensam
922 3447 1110 3535 deturpasse
1132 3470 1311 3535 personam.
1355 3452 1404 3516 Ut

445 3566 552 3619 autem
578 3572 689 3617 verum
712 3549 826 3629 fatear,
851 3549 931 3617 nihil
956 3564 1005 3617 est
1031 3551 1138 3616 minus
1158 3574 1289 3617 verum:
1325 3552 1405 3640 quia

442 3666 604 3741 quatenus
618 3651 801 3719 Christiano
821 3651 945 3718 licitum
965 3665 1026 3729 eat,
1041 3674 1206 3739 personam
1229 3666 1262 3719 et
1281 3667 1406 3720 senten-

444 3758 520 3822 tiam
546 3778 640 3841 seque
665 3767 840 3820 contemno.
886 3756 936 3821 Ut
956 3754 1035 3821 libet
1061 3778 1138 3841 ergo
1158 3754 1214 3819 ille
1234 3769 1348 3823 stertat
1370 3756 1403 3821 in

443 3857 513 3923 dies
547 3856 679 3937 medios,
707 3854 902 3942 quotidianis
935 3855 1259 3922 conviscerationibus
1292 3858 1403 3943 ingur-

443 3960 564 4046 gitetur
578 3958 620 4025 ad
634 3957 815 4045 crapulam:
839 3970 870 4023 et
886 3958 919 4022 in
933 3956 996 4023 illis
1010 3956 1222 4023 immunditiis
1239 3961 1403 4027 volutatus

442 4062 700 4145 incumbat,quae
710 4081 767 4123 nec
776 4081 909 4147 porcum
918 4056 1050 4122 deceant
1061 4057 1206 4144 Epicuri.
1239 4059 1401 4125 Caeterum

441 4166 587 4249 opinioni
621 4160 771 4239 reluctor,
801 4184 878 4247 quae
908 4158 1027 4224 multus
1062 4159 1217 4247 perdidit,
1244 4184 1283 4225 eo
1312 4162 1401 4249 quod

441 4262 610 4352 populum,
637 4261 694 4347 qui
720 4261 781 4327 sibi
810 4261 930 4337 credat,
957 4260 1070 4324 habet:
1105 4274 1138 4325 et
1165 4262 1238 4326 licet
1266 4263 1402 4350 antiquo

442 4388 545 4430 novus
560 4361 751 4431 Cornificius
770 4362 909 4447 ineptior
932 4360 984 4437 sit,
1000 4360 1027 4424 ei
1051 4374 1158 4429 tamen
1182 4365 1278 4430 turba
1292 4365 1403 4451 insipi-
