3625 5317
461 780 502 837 44
718 794 855 837 ronnurs
871 792 1149 838 sanassenrursrs
1288 777 1369 856 [mu.
1385 793 1409 837 1.

460 945 531 1023 ista,
547 944 676 1029 originis
692 966 759 1008 suae
774 947 891 1009 sociata
906 945 1116 1022 sermonibus,
1132 968 1226 1009 suum
1242 944 1408 1009 commode

459 1046 820 1111 excitantintellectum:
841 1047 904 1111 alio
912 1069 986 1111 rero
996 1046 1154 1123 traducta,
1168 1047 1257 1111 velut
1268 1045 1409 1111 naturali

458 1149 568 1231 vigore
579 1149 745 1223 destituta,
758 1162 961 1229 evanescunt,
972 1148 1022 1211 vel
1033 1150 1150 1212 absona
1163 1162 1250 1214 suut.
1280 1148 1314 1212 Si
1323 1147 1407 1211 enim

459 1246 1424 1335 dicaturequuapatronymicus,illicogrammaticusauditor.

459 1350 508 1414 rel
523 1350 640 1416 dicenti
661 1352 899 1430 convitiabitur,
917 1368 953 1418 ut
968 1353 1056 1417 verbi
1076 1354 1189 1418 vitium
1205 1365 1334 1438 purget,
1349 1363 1405 1415 aut
1441 1357 1453 1371 '

457 1465 495 1516 ut
509 1458 647 1518 multum
664 1454 805 1540 loquenti
828 1454 962 1530 deserat,
979 1457 1061 1519 servi
1082 1455 1194 1518 comici
1210 1467 1320 1519 utetur
1335 1475 1408 1538 pro-

457 1556 577 1633 verbio,
595 1559 689 1623 Bona
706 1558 798 1623 rerba
814 1580 932 1642 quaeso,
980 1561 1060 1622 Haec
1075 1557 1186 1643 itaque
1201 1556 1406 1643 supplicatio,

456 1679 560 1721 nonne
574 1658 644 1721 vitii
665 1658 812 1743 quaedam
837 1660 1044 1744 exprobratio
1058 1663 1130 1723 est?
1162 1660 1226 1735 Qui
1248 1657 1333 1720 euim
1348 1677 1406 1741 pro

456 1759 524 1825 istis
546 1762 629 1825 bona
654 1764 784 1848 quaerit,
807 1759 875 1825 haec
902 1762 984 1825 bona
1010 1784 1077 1825 esse
1103 1759 1316 1846 proculdubio
1344 1779 1405 1822 non

455 1865 623 1929 consentit.
658 1862 813 1949 Alioquin
829 1863 1008 1947 elegantius
1022 1863 1152 1938 diceret,
1165 1865 1296 1926 meliora
1310 1862 1406 1925 verba

455 1987 573 2047 quaero.
616 1966 764 2029 Profecto
779 1966 806 2027 si
821 1964 964 2038 modum,
979 1978 1036 2028 aut
1051 1978 1178 2049 tempus
1192 1963 1265 2050 quis
1280 1974 1406 2048 quaerat

455 2067 486 2128 in
511 2066 646 2145 nomine,
667 2088 786 2141 casum,
808 2077 838 2127 et
862 2065 1129 2149 comparationem
1151 2064 1182 2126 in
1207 2065 1314 2139 verbo,
1330 2084 1404 2127 eum

456 2165 548 2251 quasi
574 2188 729 2252 nugacem
755 2165 982 2250 grammaticus
1010 2165 1196 2249 castigabit:
1230 2164 1316 2226 unde
1342 2186 1406 2227 non

454 2272 567 2355 opinor
581 2268 668 2353 quod
684 2266 868 2352 patientiam
882 2265 1098 2330 accommodet
1109 2263 1277 2353 discipulo,
1288 2288 1407 2348 mutam

451 2374 706 2453 patronymicum
726 2368 910 2457 appellanti.
956 2368 1050 2431 Adeo
1068 2380 1175 2433 autem
1191 2380 1315 2431 natura:
1335 2390 1402 2431 sure

454 2471 610 2537 limitibus
623 2472 769 2535 secundae
778 2471 1154 2557 impositionisadjectiva
1164 2483 1305 2535 coartata
1316 2483 1403 2546 snut,

456 2587 569 2638 utnon
586 2572 681 2636 modo
697 2595 757 2635 non
779 2584 898 2658 queant
913 2572 954 2635 ad
970 2593 1076 2635 rerum
1097 2572 1252 2636 vocabula
1266 2570 1403 2654 evagari,

455 2674 509 2738 sed
533 2697 590 2737 nec
616 2674 774 2760 aquibus
798 2672 902 2739 indita
924 2688 1010 2754 sunt,
1031 2673 1125 2758 longe
1152 2673 1306 2738 recedere.
1352 2673 1402 2736 Si-

454 2775 583 2863 quidem
607 2778 783 2863 propositio
805 2789 889 2840 recte
915 2775 1035 2841 dicitur
1055 2778 1265 2858 hypothetico,
1288 2799 1401 2841 nomen

449 2884 715 2965 patronymicum.
763 2880 796 2944 Si
818 2879 954 2943 vicissim
977 2891 1093 2956 vertas,
1108 2890 1144 2944 ut
1165 2878 1291 2944 dicatur
1308 2882 1404 2963 luypo-

452 2986 602 3049 tieticum
629 3004 755 3058 nomen,
778 2983 953 3065 propositio
975 2984 1208 3065 patronymica,
1239 2993 1295 3045 aut
1320 2981 1402 3045 nihil

450 3087 565 3172 utique
580 3085 676 3162 dices,
691 3084 909 3148 Grammatico
919 3081 1040 3168 judice,
1056 3094 1113 3145 aut
1128 3081 1234 3167 inepte
1250 3082 1400 3170 loqueris.

450 3192 610 3253 Praeterea
619 3206 721 3268 perrea
736 3207 831 3248 usum
846 3196 891 3247 est
901 3206 1027 3248 summa
1037 3182 1236 3245 examinandi
1251 3187 1401 3253 sermonis

451 3289 636 3361 auctoritas,
646 3306 750 3367 neque
765 3306 802 3345 eo
813 3305 875 3345 nou
891 3282 1078 3345 restituente
1092 3280 1300 3362 convalescet,
1313 3289 1402 3370 quod

451 3386 518 3475 ipse
533 3386 742 3452 condemnat:
766 3383 840 3447 hine
855 3398 904 3445 est
919 3379 1011 3461 illud,

556 3494 644 3578 Multa
654 3527 828 3583 renascentur,
841 3536 897 3587 quae
906 3518 962 3589 jam
973 3518 1099 3584 cecidere,
1110 3519 1263 3589 cadentque,

555 3614 622 3675 Quae
633 3626 700 3661 nuuc
712 3614 771 3661 suut
782 3608 809 3658 iu
820 3606 917 3658 honore
927 3604 1060 3669 vocabula,
1073 3608 1095 3657 si
1107 3605 1176 3659 volet
1187 3624 1262 3661 usus:

556 3698 643 3760 Quem
653 3709 731 3765 penes
743 3692 877 3744 arbitrium
889 3697 968 3743 estet
976 3693 1030 3763 jus,
1043 3698 1070 3743 et
1081 3710 1170 3745 norma
1180 3693 1311 3763 loquendi.

449 3814 539 3880 Sicut
563 3808 645 3873 enim
667 3810 703 3871 in
717 3808 796 3887 jure
815 3803 944 3884 dicitur,
958 3807 1045 3888 quod
1062 3810 1258 3873 consuetudo
1279 3816 1398 3893 optima

448 3921 553 3999 logum
567 3917 725 3994 interpres
739 3916 802 3972 art:
826 3905 916 3970 sicet
932 3930 1008 3971 usus
1023 3918 1107 3971 reete
1122 3908 1333 3995 loquentium,
1349 3926 1396 3977 est

446 4012 685 4104 potentissimus
698 4008 855 4094 interpres
870 4007 1064 4093 regularum.
1095 4010 1191 4073 Unde
1202 4034 1396 4100 consequens

448 4118 602 4182 arbitror:
632 4111 709 4198 quia
729 4109 763 4172 id
789 4108 877 4194 quod
901 4131 1058 4195 nusquam
1085 4111 1237 4198 scriptum
1265 4113 1395 4200 legitur,

448 4245 506 4286 nec
537 4216 655 4282 alicubi
679 4236 698 4275 a
721 4224 806 4276 recte
836 4211 1043 4297 loquentibus
1072 4213 1221 4291 auditur:
1255 4216 1308 4279 sed
1339 4240 1397 4281 nec

448 4321 569 4411 aliquid
585 4316 709 4405 generis
724 4314 803 4398 ejus,
814 4314 938 4401 pridem
954 4315 1140 4379 damnatum
1153 4341 1228 4393 esse,
1240 4334 1297 4383 aut
1312 4333 1397 4384 certe

449 4427 590 4490 nondum
607 4446 624 4485 a
640 4417 856 4506 grammaticis
870 4418 1095 4505 approbatum.
1137 4419 1198 4483 Sed
1215 4443 1272 4484 uec
1286 4420 1397 4506 primae
