3625 5317
491 762 554 821 252
570 772 585 787 ·
770 771 907 817 roanms
922 770 1204 817 sanasannmnsrs

494 930 615 1000 Mente,
626 947 733 1001 mauu,
744 924 864 1009 lingue,
877 892 903 987 si
915 921 995 1008 quid
1006 921 1087 986 bene
1098 922 1236 1009 quilibet
1247 935 1357 988 aetum
1381 930 1440 991 415

580 1026 713 1105 Viderit,
727 1025 813 1090 illins
827 1024 887 1088 hoc
902 1044 987 1110 opus
1002 1046 1068 1087 esse
1082 1024 1174 1087 sciat.

493 1128 564 1193 lloc
580 1128 647 1192 sine
661 1128 704 1192 nil
721 1140 805 1191 reete
819 1126 955 1211 geritur,
971 1124 1025 1188 sed
1041 1148 1098 1188 nec
1113 1126 1197 1189 male
1212 1126 1384 1213 quicquam

577 1232 651 1297 Hoc
667 1242 797 1295 auctore
811 1241 930 1314 gerunt
945 1251 1032 1292 mens
1047 1250 1111 1308 rea,
1125 1227 1250 1314 lingna,
1265 1251 1389 1294 manus.

766 1334 942 1418 Quisfinia
952 1332 1170 1414 philosophie.

490 1434 580 1499 Finis
594 1456 700 1498 amare
715 1433 833 1508 Deum,
850 1432 921 1497 vitii
936 1430 1025 1517 luga,
1040 1432 1148 1497 cultus
1162 1431 1298 1508 honesti,

577 1538 651 1601 Sese
666 1559 767 1614 nosse,
783 1536 889 1599 Deum
907 1535 998 1611 seire,
1015 1548 1122 1598 tenere
1137 1533 1280 1610 modurn,
1378 1541 1440 1598 420

491 1636 641 1724 cognitio
656 1639 734 1718 veri,
749 1637 860 1703 mundi
876 1648 1090 1721 contemptus,
1105 1659 1212 1699 amare

576 1740 732 1817 Virtutes,
748 1738 918 1814 ielixnita,
935 1738 1078 1802 modesta
1093 1737 1195 1823 quies,

489 1843 573 1907 Sana
587 1840 677 1919 fides,
692 1864 764 1927 spes
780 1854 866 1905 certa
880 1838 969 1911 boni,
986 1838 1125 1925 vitaeque
1140 1839 1288 1925 perennio

574 1942 690 2019 Amba,
706 1944 765 2008 sub
780 1955 912 2029 aspectu
928 1964 1053 2027 semper
1067 1940 1186 2005 habere
1201 1944 1318 2005 Deum.

487 2044 582 2109 Mens
596 2043 736 2107 humana
751 2043 823 2109 lieet
837 2047 868 2109 in
884 2042 1008 2108 eunetis
1022 2043 1119 2108 rebus
1133 2041 1284 2117 abundet,
1373 2047 1437 2107 teo

573 2147 661 2223 Quas
675 2144 768 2232 polus
781 2158 932 2219 ostentat,
947 2167 1028 2231 quas
1042 2144 1117 2211 dare
1128 2159 1214 2210 terra
1227 2156 1344 2230 potest,

488 2246 689 2311 Distrahitur
702 2246 813 2311 multis
828 2262 860 2311 et
875 2246 1000 2331 magnis
1016 2245 1112 2309 anxia
1126 2241 1213 2310 euris

573 2347 832 2431 Perpetuumque
846 2345 963 2410 famem
979 2346 1113 2411 sustinet
1130 2357 1227 2430 atque
1241 2344 1339 2422 sitim,

485 2446 669 2531 Torquetur
684 2465 817 2530 semper,
834 2446 977 2529 requiem
993 2468 1056 2510 non
1072 2445 1194 2509 invenit
1210 2466 1357 2530 usquam,

574 2547 613 2609 Se
629 2544 688 2609 nisi
704 2567 804 2631 quum
822 2549 939 2631 retegit
953 2547 1057 2632 gloria
1071 2568 1157 2623 vera,
1174 2546 1272 2611 Deus.
1373 2551 1436 2611 430

755 2652 807 2715 De
817 2651 925 2735 glorio
939 2673 1025 2715 nanu
1040 2658 1072 2715 et
1081 2672 1166 2715 uero.

485 2752 598 2819 Gloria
613 2776 692 2818 rana
705 2755 782 2821 sarit
798 2755 941 2832 miseros,
956 2753 1011 2818 sed
1028 2776 1103 2817 vera
1116 2754 1237 2826 beatos,

570 2856 630 2921 llla
646 2868 749 2923 tumet
766 2856 855 2935 vitio,
870 2856 991 2941 gaudet
1005 2867 1037 2920 et
1052 2856 1115 2920 ista
1132 2854 1214 2919 Deo.

485 2955 565 3021 Fine
580 2980 654 3023 suos
670 2959 725 3024 tali
741 2981 828 3023 sacra
843 2958 963 3044 pagina
976 2957 1075 3022 donat
1090 2958 1220 3038 amicos,

570 3060 758 3148 Cultorique
772 3062 827 3148 pio
841 3059 983 3125 calculus
997 3058 1057 3123 iste
1073 3058 1182 3136 datur,

483 3160 635 3225 Calculus
648 3162 819 3247 optandus,
835 3162 911 3248 quia
923 3162 1063 3226 eontinet
1079 3160 1186 3225 omnia
1199 3162 1315 3226 mentis
1372 3164 1435 3226 435

569 3264 662 3341 Vota,
676 3284 733 3325 neo
747 3262 899 3340 admittit,
917 3265 944 3328 si
958 3263 1039 3350 quid
1053 3264 1165 3329 obesse
1179 3276 1307 3349 potest;

483 3360 516 3425 si
532 3362 611 3447 quid
626 3364 735 3428 obesse
749 3377 866 3451 potest,
881 3388 899 3429 a
915 3389 948 3430 se
962 3365 1112 3452 propellit
1127 3379 1159 3430 et
1174 3380 1262 3430 arcet

568 3466 613 3531 Et
629 3464 706 3531 lacit
719 3466 761 3531 ad
776 3479 890 3532 nutum
906 3490 1034 3532 currere
1049 3466 1132 3531 secla
1146 3488 1251 3532 suum.

480 3566 584 3629 Nemo
598 3565 715 3630 referre
730 3577 834 3653 potest
851 3566 946 3645 bona,
962 3588 1035 3652 quse
1050 3588 1139 3631 saera
1153 3566 1270 3652 pagina
1284 3568 1408 3634 ooniert

566 3664 645 3743 Illis,
662 3665 718 3751 qui
734 3678 881 3750 satagunt
891 3666 984 3753 jussa
998 3678 1106 3729 tenere
1120 3666 1194 3731 Dei.
1370 3675 1430 3733 140

595 3766 687 3840 Quod
701 3767 813 3831 diuino
824 3770 953 3849 pagina
969 3767 1084 3847 regino
1098 3773 1145 3831 eat
1159 3771 1314 3834 oliorum.

480 3867 561 3930 Haec
576 3864 804 3953 seripturarum
821 3868 931 3953 regina
946 3882 1090 3948 vocatur,
1102 3867 1235 3933 eandem

566 3966 715 4031 Divinam
731 3966 854 4045 dicunt,
870 3990 942 4033 nam
958 3966 1034 4032 facit
1049 3988 1116 4032 esse
1130 3970 1228 4034 Deos.

479 4066 540 4134 Est
555 4090 653 4143 sacra,
669 4090 821 4155 personas
835 4082 866 4140 et
882 4091 933 4134 res
946 4092 1021 4155 quoe
1034 4082 1197 4135 consecrat
1212 4092 1344 4146 omnes3

565 4169 658 4235 Hanc
672 4184 770 4257 eaput
784 4170 928 4255 agnoseit
940 4169 1145 4256 Philosophia
1160 4194 1276 4246 suum3

477 4275 565 4339 Huic
578 4296 687 4337 omnes
701 4287 784 4337 artes
799 4272 948 4346 lamulae3
972 4272 1154 4338 mechanica
1168 4297 1309 4360 quaeque
1364 4282 1427 4340 lta

563 4377 734 4460 Dogmata,
750 4397 823 4459 quae
839 4373 934 4439 variis
949 4374 1062 4439 usibus
1076 4389 1153 4462 apta
1168 4376 1268 4454 vides,
