3625 5317
705 799 781 844 vrrs
798 801 915 846 saucii
933 801 1091 846 inserui.
1292 791 1355 848 309

401 963 435 1012 et
449 951 514 1015 rins
529 973 604 1015 suas
619 953 791 1036 prudenter
810 955 1011 1029 examinans,
1027 976 1125 1017 uuum
1140 954 1353 1018 necessarium

401 1072 471 1114 esse
486 1054 665 1136 prospexit,
681 1066 712 1117 et
727 1053 813 1138 quod
828 1056 1021 1138 eloquentiae
1042 1067 1165 1119 torrens
1180 1068 1236 1118 aut
1250 1055 1354 1137 philo-

401 1153 515 1236 sophia
529 1151 624 1239 hujus
638 1155 750 1218 mundi
769 1176 872 1220 reram
887 1177 952 1218 non
972 1156 1096 1219 confert
1109 1154 1352 1219 beatitudinem.

402 1254 484 1318 Haec
508 1277 594 1338 saepe
616 1267 770 1321 tumorem
792 1259 940 1339 pariunt;
967 1258 1111 1320 timorem
1132 1257 1278 1329 Domini,
1298 1257 1352 1340 qui

400 1356 527 1419 initium
542 1358 706 1440 sapientiae
725 1370 783 1436 est,
798 1379 962 1442 nunquam
977 1370 1032 1420 aut
1046 1379 1125 1420 raro.
1162 1358 1354 1442 Reprimunt

400 1453 559 1521 interdum
575 1458 677 1522 literar
692 1460 770 1523 vitia
784 1458 944 1543 quaedam,
957 1470 990 1522 et
1002 1459 1116 1522 mundi
1130 1471 1352 1542 contemptum

400 1559 554 1635 afferunt;
581 1560 640 1623 sed
664 1562 759 1645 plane
782 1569 986 1643 contemptus
1011 1559 1124 1622 mundi
1146 1560 1268 1623 inutilis
1294 1573 1353 1640 est,

400 1659 456 1721 ubi
471 1678 559 1721 amor
574 1659 637 1723 Dei
652 1681 718 1723 non
740 1661 946 1724 convalescit
990 1658 1111 1722 Audita
1132 1659 1233 1741 patris
1252 1670 1353 1722 morte

400 1760 539 1841 amplius
566 1762 772 1837 movebatur;
806 1772 838 1824 et
866 1782 968 1844 quum
996 1760 1038 1825 ad
1067 1760 1258 1844 obsequium
1288 1759 1352 1822 Dei

401 1860 533 1923 omuino
548 1861 688 1925 animum
704 1860 901 1938 inclinasset,
917 1884 1015 1945 quam
1034 1876 1142 1926 tamen
1157 1861 1354 1943 praeeligeret

400 1961 482 2022 viam
512 1959 630 2024 dubius
659 1961 838 2026 haesitabat.
895 1964 947 2025 An
976 1961 1063 2026 enim
1091 1971 1256 2044 expeteret
1284 1983 1351 2024 ere-

400 2081 500 2133 mum,
530 2083 571 2125 ao
600 2063 774 2126 claustrum
811 2063 1049 2141 monachorum,
1079 2083 1120 2126 an
1150 2083 1193 2124 ex
1225 2065 1352 2146 proprio

400 2163 592 2245 patrimonio
607 2164 737 2228 domum
761 2173 953 2229 construens
972 2165 1150 2248 peregrinis
1169 2186 1228 2249 pro
1253 2167 1352 2228 sacul-

402 2273 466 2328 tate
495 2277 528 2329 et
555 2267 750 2350 pauperibus
780 2267 980 2346 ministraret,
1009 2267 1151 2330 habebat
1185 2267 1351 2331 incertum.

403 2365 486 2430 Nem
499 2367 585 2430 circa
599 2368 670 2432 haee
685 2369 745 2432 tria
759 2370 935 2434 fluctuabat
946 2369 1073 2432 animus
1084 2369 1163 2453 ejus.
1193 2368 1352 2434 Caeterum

402 2489 443 2530 ne
463 2469 573 2531 levitas
595 2471 808 2554 praecipiwret
829 2470 1032 2549 seutentiam,
1055 2471 1141 2534 unde
1163 2471 1354 2554 poenitentis

330 2583 333 2590 '
402 2590 467 2632 non
497 2579 581 2634 recte
611 2572 766 2636 factorum
795 2574 960 2637 familiaris
988 2584 1021 2636 et
1043 2573 1132 2658 jugis
1161 2572 1353 2656 pedissequa

401 2681 605 2755 sequeretur3
628 2683 750 2736 motum
764 2675 882 2735 mentis
906 2672 1042 2754 exponit
1058 2672 1249 2747 Lanfranco,
1264 2682 1353 2735 etex

401 2773 536 2835 consilio
560 2772 631 2855 ejus
657 2773 845 2835 Maurilium
868 2771 1080 2834 venerabilem
1103 2771 1352 2852 Rotomagorum

400 2871 677 2955 archiepiscopum
693 2871 836 2950 advenit,
849 2871 950 2954 ipsius
970 2891 1065 2953 super
1083 2871 1146 2934 boc
1162 2874 1353 2938 sententiam

400 2977 575 3058 petiturus:
598 2972 786 3036 credebatur
801 2975 887 3037 enim
903 2972 1022 3036 babere
1038 2973 1192 3056 Spiritum
1208 2974 1351 3040 Domini.

400 3078 514 3158 Itaque
543 3095 586 3137 ex
617 3075 752 3138 consilio
790 3076 858 3161 ejus
888 3074 986 3138 iitam
1022 3074 1243 3138 monachicam
1281 3077 1352 3141 aliis

400 3174 551 3239 omnibus
565 3174 761 3258 praeferentis
771 3176 942 3239 Anselmus
954 3174 1055 3238 Becci
1068 3177 1171 3239 factus
1182 3188 1232 3240 est
1242 3198 1351 3242 mona·

400 3275 481 3339 chus
496 3295 580 3338 anno
596 3275 698 3338 etatis
714 3295 780 3338 suae
801 3293 907 3338 xxvn.
952 3276 1031 3339 Erat
1045 3287 1151 3340 autern
1167 3277 1254 3360 prior
1268 3274 1353 3360 ejus·

377 3367 473 3440 'dem
499 3375 563 3440 loci
585 3385 777 3438 memoratus
797 3377 995 3440 Lanfrancos
1018 3377 1079 3441 sub
1099 3389 1211 3442 sancto
1235 3379 1352 3442 abbate

400 3476 597 3560 Herliwyno,
612 3477 669 3558 qui
688 3475 729 3538 de
744 3477 935 3560 patrimonio
951 3497 1010 3541 suo
1031 3479 1231 3542 Beccensem
1246 3501 1266 3542 a
1279 3480 1350 3542 fun-

400 3577 556 3641 dementis
594 3577 766 3641 aedificavit
795 3577 975 3641 ecclesiam.
1032 3579 1083 3638 Ab
1113 3577 1164 3640 his
1196 3580 1353 3642 elementa

400 3679 585 3744 monasticae
607 3679 814 3764 professionis
831 3679 1003 3742 Auselmus
1025 3677 1198 3761 accipiens,
1219 3687 1252 3742 et
1271 3680 1350 3742 obli-

399 3780 526 3844 viscens
549 3802 658 3846 eorum
680 3803 751 3864 quae
771 3793 854 3846 retro
877 3791 964 3858 sunt,
979 3791 1059 3842 etse
1078 3778 1120 3842 ad
1137 3782 1275 3864 apostoli
1289 3783 1352 3845 for·

400 3901 486 3943 mam
500 3881 535 3944 in
555 3885 710 3946 anteriora
730 3905 855 3967 semper
876 3882 1068 3960 extendens,
1083 3880 1205 3945 studuit
1219 3883 1352 3967 implere

400 3981 592 4044 monachum
600 4005 609 4058 3
630 3993 662 4044 et
677 3982 871 4046 aemulationi
886 3991 1069 4045 sanctorum
1084 3990 1175 4045 tants
1189 3981 1355 4063 diligentia

399 4081 618 4158 incumbebat,
629 4092 665 4144 ut
675 4089 760 4144 esset
771 4083 804 4144 in
816 4082 902 4144 brevi
916 4082 1159 4165 perfectioribus
1170 4081 1353 4146 imitandus

400 4183 565 4267 Siquidem
582 4185 615 4246 in
632 4183 768 4246 triennio
789 4183 836 4247 sic
857 4185 1012 4267 profecit3
1035 4197 1070 4249 ut
1083 4184 1239 4247 universis
1254 4184 1355 4247 rideri
1412 4171 1421 4180 ’

398 4285 502 4368 possit
531 4305 574 4348 ex
600 4284 714 4347 merito
739 4281 973 4348 lucidissimum
1002 4305 1085 4347 verre
1114 4284 1293 4348 sanctitatis
1321 4297 1354 4350 et

397 4387 584 4450 monasticar
600 4384 805 4468 perfectionis
821 4387 1015 4471 exemplum.
