3625 5317
736 746 958 795 ENTHETICUS.

368 902 507 989 Corrigit
523 920 646 965 errores
662 899 815 965 verbosus
831 901 881 965 hic
897 900 1061 966 Abelardi:

454 1002 590 1069 Pellitur
605 1024 624 1065 a
639 1014 747 1065 nostro
763 1002 838 1068 trita
853 1017 981 1067 moneta
995 1004 1074 1067 l'oro.

370 1113 392 1143 “
410 1106 625 1191 Temporibus
639 1103 787 1191 placuere
802 1106 868 1169 suis
883 1118 1026 1171 veterum
1043 1106 1234 1188 benedicta,

458 1207 675 1294 Temporibus
689 1206 806 1271 nostris
815 1207 883 1293 jum
899 1230 983 1272 noua
996 1208 1063 1273 sola
1077 1209 1213 1295 placent.
1277 1208 1320 1273 60

370 1309 477 1386 Quum
494 1309 534 1373 sit
549 1309 590 1372 ab
605 1308 732 1394 ingenio
747 1320 863 1387 totum,
878 1331 941 1372 non
956 1309 996 1373 sit
1011 1309 1070 1374 tibi
1084 1332 1179 1385 curre,

458 1410 543 1488 Quid
561 1410 650 1496 prius
665 1408 821 1485 addiscas,
836 1408 1034 1494 posteriusve
1049 1409 1164 1491 legas.”

372 1514 453 1575 Haec
462 1510 569 1574 schola
579 1532 641 1573 non
653 1518 755 1587 curat,
764 1508 844 1597 quid
857 1512 895 1573 sit
909 1508 1035 1585 modus,
1046 1511 1165 1574 ordove
1176 1512 1254 1596 quid
1267 1516 1319 1592 sit,

458 1614 562 1686 Quam
579 1623 705 1677 teneant
720 1609 832 1673 doctor
847 1608 1089 1696 discipulusque
1103 1610 1197 1677 viam.

373 1716 394 1748 “
409 1711 554 1798 Expedit
568 1734 644 1795 ergo
659 1710 761 1795 magis
775 1707 878 1773 varias
893 1708 1087 1773 confundere
1101 1708 1238 1795 linguas,
1279 1716 1322 1777 65

459 1813 563 1890 Quam
580 1826 722 1875 veterum
740 1808 856 1875 studiis
870 1808 1055 1896 insipienter
1070 1811 1132 1896 agi.

372 1916 460 1991 Quos
476 1936 633 1993 numeros,
649 1926 705 1979 aut
722 1933 803 1998 quos
817 1934 910 1977 casus
924 1925 980 1976 aut
997 1924 1141 1998 tempora
1149 1915 1302 2000 jungant,

459 2016 667 2083 Grammatici
682 2028 845 2101 quaerunt,
863 2015 960 2079 verba
975 2015 1115 2081 rotunda
1128 2039 1256 2082 cavent:

374 2121 581 2204 Torquentur
597 2117 721 2195 studiis,
735 2138 812 2181 cura
828 2130 1020 2202 torquentur
1034 2116 1134 2195 edaci,

461 2216 560 2283 Nulla
574 2218 633 2282 sibi
649 2217 768 2282 dantur
782 2218 857 2295 otia,
873 2217 961 2283 nulla
976 2218 1076 2303 quies.
1282 2225 1324 2289 'ltl

377 2320 495 2385 infelix
510 2320 599 2386 labor
613 2332 673 2397 est,
689 2342 784 2406 quern
800 2320 967 2385 commoda
982 2320 1070 2387 nulla
1085 2336 1277 2409 sequuntur,

463 2423 524 2489 Cui
541 2422 626 2487 mala
639 2420 792 2487 dulcescit
808 2444 884 2497 sors,
901 2426 996 2487 miser
1010 2446 1075 2487 esse
1090 2424 1189 2511 cupit.

375 2524 441 2601 Qui
456 2522 550 2589 miser
564 2546 630 2587 esse
645 2523 746 2609 cupit,
762 2544 795 2587 se
810 2522 970 2589 convincit
981 2522 1148 2603 furiosum,

463 2622 517 2687 Sic
531 2622 623 2707 plane
639 2620 734 2686 miser
748 2635 806 2696 est,
823 2621 877 2706 qui
894 2621 988 2685 miser
1002 2643 1069 2685 esse
1083 2627 1185 2707 cupit.

376 2723 439 2800 Qui
455 2745 602 2787 numeros
616 2721 766 2798 numeris,
784 2721 837 2807 qui
853 2741 947 2783 casus
962 2719 1086 2785 casibus
1099 2734 1199 2807 aptat,
1284 2733 1325 2787 ts

464 2823 626 2910 Tempora
642 2821 851 2907 temporibus,
867 2818 985 2907 desipit
1000 2832 1033 2886 et
1047 2820 1142 2885 miser
1155 2836 1214 2887 est.

378 2926 517 3009 Magnus
531 2926 614 2989 enim
630 2923 719 2988 labor
734 2936 793 3001 est,
809 2921 998 3008 compendia
1012 2922 1101 2987 nulla
1115 2936 1305 3010 sequuntur,

464 3029 624 3111 Tempora
639 3025 684 3090 sic
698 3036 845 3111 pereunt,
859 3036 992 3109 totaque
1007 3024 1074 3087 vita
1088 3025 1193 3089 simul.

380 3128 514 3208 Absque
530 3126 636 3191 labore
651 3126 742 3212 gravi
756 3126 874 3213 poteris
889 3122 1051 3189 verbosior
1064 3147 1142 3203 esse,

468 3226 1264 3314 Quamsunt,quoscohibetregulapriscapatrum.
1285 3234 1327 3297 80

380 3328 541 3417 Quicquid
555 3329 586 3394 in
602 3354 638 3395 os
653 3328 770 3407 veniat,
786 3328 937 3394 audacter
951 3330 1070 3415 profer,
1086 3343 1118 3396 et
1133 3330 1216 3397 adsit

466 3434 593 3511 Faetus,
609 3432 707 3497 habes
721 3444 833 3511 artem,
847 3453 922 3515 quoe
937 3430 1014 3495 facit
1029 3455 1097 3497 esse
1111 3432 1224 3500 virum.

378 3534 518 3600 Ausibus
533 3550 582 3598 cst
596 3533 723 3597 fortuna
737 3554 857 3605 comem
882 3530 909 3595 si
921 3532 1023 3617 gratia
1036 3533 1156 3597 fastum

467 3636 605 3717 Deserit,
620 3650 667 3701 est
682 3634 772 3699 uobis
786 3633 889 3719 gloria
902 3645 995 3719 grata
1009 3633 1120 3718 magis.

380 3740 475 3803 Hauc
490 3738 605 3801 etenim
622 3735 721 3801 solam
737 3735 835 3799 nostri
851 3755 949 3819 super
962 3734 1070 3797 omnia
1083 3751 1250 3822 quoerunt3
1284 3742 1326 3804 85

467 3838 578 3903 Gloria
593 3839 618 3903 si
634 3836 727 3915 desit,
744 3837 823 3901 scire
837 3835 916 3923 quid
932 3858 999 3899 esse
1013 3841 1127 3923 putas?

378 3940 530 4007 Garritus
545 3940 636 4006 dabit
652 3940 733 4005 banc
748 3938 834 4002 omni
851 3938 970 4002 virtute
985 3938 1106 4017 relicta,

466 4042 500 4108 Si
515 4041 635 4127 garrire
645 4024 753 4129 potes,
768 4038 870 4125 gloria
884 4052 970 4104 certa
984 4055 1100 4106 manet.

377 4148 425 4213 Ut
440 4145 561 4229 garrire
576 4167 687 4231 queas,
704 4142 767 4207 noli
783 4163 967 4229 percurrere
981 4139 1091 4221 libros,

462 4247 544 4310 Esto
559 4245 721 4326 verbosus,
736 4243 854 4327 scripta
870 4242 986 4327 repelle
1004 4241 1126 4327 procul.
1286 4250 1329 4307 90

420 4368 491 4413 von.
508 4370 537 4411 v.
844 4365 864 4405 u
