3625 5317
464 738 526 802 264
720 758 857 803 tornata
872 760 1150 807 saumuuatuuata

464 909 586 973 Extare
600 922 718 973 cuncta
732 922 823 975 notat
836 922 869 975 et
883 916 1118 997 contemplatur
1131 913 1173 977 ad
1189 936 1283 978 usum

551 1013 605 1091 Et,
620 1013 732 1095 quanti
747 1012 836 1075 norit
850 1014 985 1095 singula,
1000 1026 1088 1078 tanta
1101 1015 1189 1079 facit.

510 1114 604 1187 Quod
619 1115 765 1176 Socrates
780 1116 926 1175 animum
941 1115 1080 1178 Marinio
1094 1117 1204 1179 Deum
1213 1125 1321 1199 putet.

464 1216 633 1279 Contrahit
647 1216 679 1278 in
696 1236 766 1279 sese
783 1217 899 1280 mentia
914 1217 1040 1293 radioa3
1063 1216 1154 1280 Deua
1167 1218 1216 1281 illi

551 1314 609 1380 Eat
623 1319 760 1392 animus,
776 1316 915 1381 mundus
930 1318 1069 1394 victima,
1083 1339 1172 1382 serra
1188 1340 1282 1395 caro;
1352 1328 1416 1385 tao

463 1420 597 1483 lllicitos
612 1434 717 1483 motua
732 1430 889 1503 corruptae
905 1421 1012 1483 carnia
1026 1420 1185 1494 abhorret,

549 1522 743 1605 Naturaeque
759 1522 875 1585 malum
892 1524 952 1585 sub
968 1522 1088 1585 ratione
1102 1521 1221 1600 domat,

464 1622 609 1687 Instituit
622 1643 726 1687 morea
742 1624 904 1707 vitamque
919 1633 1055 1702 serenat,
1069 1644 1174 1707 eoque

545 1726 566 1789 J
568 1725 662 1789 udica
679 1727 828 1789 virtutum
843 1726 985 1789 maxima
999 1726 1081 1789 aeire
1095 1728 1175 1809 pati.

505 1826 600 1893 Quod
611 1826 753 1889 manduc
766 1828 875 1890 animo
888 1828 989 1890 mmor
1002 1833 1050 1891 eat
1062 1834 1094 1891 et
1107 1848 1144 1891 re
1156 1834 1188 1891 et
1201 1828 1370 1909 differitate

461 1927 496 1991 Si
511 1930 688 1993 commetiri
702 1942 840 1994 mentem
856 1929 1078 2015 mundumque
1092 1931 1213 2008 liceret,
1350 1937 1411 1995 795

549 2034 581 2095 H
586 2054 632 2095 rac
649 2033 759 2117 major,
775 2034 879 2095 minor
893 2032 959 2111 hic,
973 2034 1069 2096 servit
1083 2034 1149 2110 hic,
1163 2032 1220 2095 illa
1233 2033 1325 2116 regit„

461 2134 545 2196 Nam
560 2134 648 2197 carni
663 2133 812 2212 mundus,
827 2136 985 2218 servitque
999 2155 1075 2198 caro
1088 2134 1214 2211 rationi,

545 2236 625 2308 Quae
640 2257 715 2317 pars
729 2248 779 2299 eat
793 2237 891 2299 animi
906 2235 1099 2320 participata
1112 2236 1195 2299 Deo.

459 2336 576 2400 Omnia
590 2336 638 2398 sio
653 2338 727 2399 laeto
743 2338 867 2400 Socrati
881 2337 1075 2401 famulantur
1088 2337 1195 2421 eique,

544 2438 648 2510 Quem
665 2438 711 2499 vis
726 2437 817 2500 nulla
830 2448 936 2521 potest
950 2438 1077 2515 laedere,
1092 2438 1232 2503 mundus
1245 2440 1323 2503 obit
1346 2444 1411 2503 800

770 2537 823 2601 De
835 2560 946 2603 errore
959 2540 1110 2605 Socratie.

459 2641 543 2705 Haeo
560 2640 697 2705 hominia
712 2641 858 2705 doctriua
871 2643 942 2719 luit,
956 2652 1065 2705 tamen
1080 2662 1165 2704 error
1178 2643 1212 2704 in
1226 2642 1284 2706 illa
1297 2654 1359 2720 eat,

544 2743 640 2817 Quod
655 2741 810 2827 cujusque
825 2744 969 2807 animum
983 2743 1120 2808 credidit
1133 2764 1205 2807 eaae
1223 2745 1339 2807 Deum.

458 2846 546 2909 Hinc
562 2845 701 2909 hominis
716 2858 856 2908 mentem
871 2867 929 2928 pro
944 2846 1075 2910 numine
1091 2845 1172 2909 dicit
1185 2845 1377 2922 habendam,

548 2948 592 3010 Ut
606 2947 659 3010 cui
673 2946 802 3009 divinus
817 2957 867 3008 eat
880 2942 1068 3009 tribuendus
1082 2945 1196 3008 honor.

458 3047 524 3109 Vix
539 3049 678 3133 aliquem
695 3058 782 3113 tauta
797 3067 865 3111 sors
880 3046 955 3110 dote
970 3046 1087 3124 beavit,
1102 3057 1138 3109 ut
1153 3047 1243 3111 illum
1344 3050 1408 3110 805

545 3148 621 3209 Non
637 3157 733 3230 queat
748 3147 860 3209 erroris
875 3146 1075 3230 praecipitare
1088 3147 1217 3210 malum.

649 3246 702 3309 De
715 3246 912 3331 Aaronom
927 3253 959 3311 et
970 3248 1042 3326 qiua
1055 3248 1211 3328 dogmate.

456 3347 570 3411 Tradit
585 3349 793 3430 Anaxagoras
806 3350 928 3413 animae
942 3370 986 3413 ex
1000 3348 1130 3413 traduce
1145 3352 1236 3413 nasci

543 3450 589 3513 Et
602 3472 731 3514 causam
746 3452 863 3515 teneris
877 3452 1005 3515 ossibus
1020 3471 1094 3514 oasa
1109 3450 1185 3513 dari.

457 3551 553 3625 Quod
568 3551 607 3615 de
622 3572 718 3617 carne
733 3574 817 3632 caro,
832 3554 963 3634 sanguia
978 3552 1019 3615 de
1032 3552 1189 3634 sanguina
1202 3566 1322 3633 manat,

543 3654 672 3719 Transit
685 3668 717 3720 et
730 3656 762 3719 in
778 3656 922 3720 sobolem
937 3665 1004 3717 tota
1016 3655 1119 3736 ligura
1132 3666 1269 3738 patrum.
1344 3661 1408 3720 810

458 3754 566 3819 Sectio
581 3758 745 3839 particule
761 3776 877 3839 corpus
892 3756 1017 3834 minuit,
1030 3756 1091 3819 aed
1104 3757 1139 3819 in
1152 3756 1257 3840 ipsum

543 3856 787 3939 Simplicitatem
803 3858 918 3920 animae
933 3858 1035 3921 rectio
1049 3859 1139 3922 nulla
1153 3858 1240 3922 cadit
1248 3880 1258 3934 ;

459 3960 506 4023 Ut
520 3960 606 4022 calor
620 3980 661 4022 ex
678 3968 769 4035 aestu,
782 3959 890 4021 lumen
906 3978 950 4022 ex
964 3960 1085 4024 lumine
1100 3959 1216 4044 prodit,

545 4062 599 4126 Sic
614 4072 715 4124 ortum
731 4081 774 4124 ex
788 4080 854 4143 uno
868 4060 1001 4145 spiritus
1013 4064 1094 4124 alter
1108 4062 1214 4126 habet

457 4162 542 4227 Pura
556 4162 639 4227 fides
654 4161 801 4244 prohibat
814 4162 937 4226 animas
951 4160 992 4225 de
1006 4162 1140 4227 traduce
1157 4162 1257 4240 cradi,
1346 4167 1407 4227 ato

545 4268 633 4337 Quas
649 4264 740 4327 Deua
754 4263 894 4328 infundit
909 4276 942 4327 et
956 4264 1150 4347 tacitusque
1164 4285 1275 4328 novae.

459 4370 513 4431 Ex
529 4369 629 4433 nihilo
643 4368 724 4432 fiunt
738 4380 772 4433 et
785 4388 870 4432 nunc
888 4368 921 4429 in
937 4387 1071 4450 corpore
1088 4370 1217 4447 clausa,
