3625 5317
442 776 507 835 982
701 788 837 836 scansus
853 786 1134 833 sanuassmsssra

532 946 660 1009 Crimen
677 940 825 1007 adulterii
840 940 886 1001 nil
902 938 965 1000 nisi
981 937 1077 1001 ludus
1091 950 1168 1001 erat.

443 1044 544 1107 Silvia
558 1044 723 1116 Quartillae
739 1040 847 1117 cessit,
863 1039 1024 1102 Lauronia
1038 1037 1155 1115 Florae,
1202 1037 1205 1050 '

528 1144 680 1227 Syllaqua
696 1141 772 1205 dum
789 1140 900 1221 viguit,
916 1136 1006 1201 nulla
1021 1139 1141 1202 Sabina
1156 1139 1225 1202 fnit.

441 1246 507 1308 Hic
524 1244 622 1307 metui
638 1242 791 1323 gaudens,
807 1239 1043 1321 dedignabatur
1056 1240 1167 1317 amari,

524 1344 659 1409 Vicinos
674 1340 827 1425 subigens
841 1362 984 1419 munere,
999 1341 1120 1418 fraude,
1135 1340 1228 1404 dolia.
1307 1345 1388 1403 luto

719 1446 771 1507 Da
782 1462 865 1525 paca
878 1449 1106 1523 tyrannorum.

440 1546 502 1609 Illa
516 1556 722 1628 tyrannorum
737 1562 804 1626 pax
819 1554 878 1619 est,
893 1552 929 1604 ut
943 1562 1039 1603 nemo
1056 1542 1218 1616 reclamet,

526 1645 692 1730 Quidquid
707 1653 814 1724 agant,
829 1644 956 1724 possint
970 1640 1090 1719 omnia,
1098 1642 1175 1725 jura
1187 1641 1280 1707 nibil.

438 1747 459 1810 J
462 1768 517 1811 ura
532 1756 658 1820 vacant,
673 1765 780 1809 sacras
795 1745 884 1825 leges
899 1743 1011 1805 everdt
1024 1745 1154 1819 abusus,

526 1847 618 1909 Velle
634 1864 727 1907 suum
742 1851 887 1906 statuunt
895 1841 981 1924 juris
995 1840 1115 1903 babere
1128 1842 1247 1904 locum.

438 1947 511 2011 Tali
521 1947 649 2031 justitia
662 1944 833 2028 perhibent
847 1943 987 2024 riguisse
1001 1944 1140 2019 leonem,
1305 1946 1388 2005 ists

527 2045 736 2129 Praepodtnm
751 2044 883 2125 reliquis
897 2042 1003 2105 dicare
1012 2042 1090 2125 jura
1102 2041 1187 2105 feris.

437 2147 584 2209 libertas
598 2146 669 2211 haec
686 2156 736 2209 est
751 2144 863 2226 populi
879 2142 1066 2206 dominante
1081 2154 1227 2224 tyranno,

524 2248 582 2322 Ut,
597 2245 686 2330 quod
702 2244 896 2328 praecipitur,
913 2244 1051 2327 quilibet
1064 2254 1155 2325 optet
1169 2243 1264 2306 idom.

437 2347 502 2418 Qui
517 2347 612 2408 nimis
628 2356 720 2427 optat
734 2366 813 2426 opes
829 2356 886 2409 aut
900 2342 1019 2409 cultum
1035 2344 1120 2426 regis
1134 2344 1248 2427 iniqui,

522 2447 560 2508 In
577 2447 683 2508 scelus
694 2465 789 2507 omne
799 2445 872 2521 ruit,
883 2466 1003 2528 pronus
1019 2441 1061 2508 ad
1072 2465 1167 2508 omne
1177 2444 1284 2522 nefas3
1303 2451 1386 2508 1350

439 2544 553 2611 Hostis
567 2557 725 2625 censetur,
742 2547 889 2630 quisquis
905 2568 996 2611 sacra
1004 2547 1080 2630 jura
1096 2555 1212 2623 tuctur,

524 2649 684 2713 Praevenit
698 2649 810 2711 officiis
820 2648 915 2731 jussa
929 2648 1036 2711 fidelis
1053 2668 1151 2711 amor.

437 2750 584 2815 Perfidiae
600 2770 701 2831 genus
715 2758 764 2813 est
779 2747 901 2833 aliquid
917 2749 1098 2812 discernere
1107 2748 1244 2831 jussum,

520 2852 566 2915 Et
581 2852 688 2915 scelus
703 2859 754 2914 est
767 2848 897 2933 aliquod
912 2848 1116 2931 pertimuisse
1130 2849 1245 2911 scelus

574 2952 650 3024 Qua
663 2951 790 3013 relictae
803 2952 878 3030 quis
894 2948 1098 3012 camelario
1108 2945 1247 3026 placcat.

436 3052 472 3115 Si
488 3052 586 3114 virtus
599 3052 742 3113 animum
757 3049 933 3131 componit,
947 3048 1112 3131 formaque
1129 3048 1197 3110 reri
1304 3054 1386 3112 1855

522 3152 694 3232 Linguam,
709 3151 736 3213 si
753 3151 857 3213 foveat
870 3150 972 3230 gratia
986 3159 1088 3212 mater
1102 3168 1197 3231 opus,

436 3250 530 3312 Tunc
546 3249 667 3311 vindex
682 3268 766 3311 vera
782 3261 813 3312 te
827 3249 982 3313 libertatis
997 3248 1120 3311 amabit

520 3349 565 3411 Et
579 3348 678 3410 saciet
691 3358 796 3410 tutum
812 3350 958 3431 qualibet
972 3350 1018 3412 irc
1033 3350 1096 3413 via.

432 3450 508 3513 Hoc
524 3446 607 3513 duce
623 3458 711 3512 tutus
726 3449 789 3510 eris
803 3449 836 3510 in
853 3451 1004 3526 claustro,
1017 3460 1105 3513 tuuis
1120 3452 1154 3512 in
1170 3452 1253 3528 aula,

518 3550 622 3613 Tutus
635 3548 669 3610 in
685 3548 821 3621 insidiis,
839 3548 982 3631 undique
997 3560 1088 3613 tutus
1103 3551 1176 3613 aris.
1298 3556 1383 3615 1860

432 3648 498 3713 Hic
514 3662 573 3724 est,
588 3650 644 3732 qui
659 3650 737 3713 cleri
753 3670 811 3730 pro
827 3650 976 3713 libertate
991 3650 1114 3713 tuenda

515 3747 744 3829 Mandrogero‚
759 3750 864 3831 gravis
879 3761 930 3814 est
944 3750 1226 3833 complicibusque
1241 3752 1320 3827 suis,

757 3850 810 3913 Da
823 3850 1048 3931 Mandroycro.

430 3948 659 4032 Mandrum,
675 3952 732 4033 qui
748 3972 781 4015 se
796 3954 899 4015 solum
916 3972 1042 4015 servare
1057 3972 1210 4016 coronam

515 4053 559 4115 Et
572 4052 680 4133 legum
697 4054 784 4133 regni
794 4052 925 4135 jactitat
940 4074 1011 4115 esse
1027 4065 1160 4134 patrem,

427 4153 493 4225 Qui
508 4154 547 4228 (si
562 4152 720 4217 falsidicis
734 4152 942 4234 credendum)
953 4153 1027 4237 jura
1042 4165 1148 4219 tuetur
1295 4156 1378 4214 laco

512 4254 652 4333 Integra,
666 4272 732 4335 quo
748 4272 806 4334 par
820 4272 892 4313 eum
909 4254 1017 4334 regius
1030 4265 1139 4318 exstet
1154 4254 1268 4327 honor,

426 4350 652 4431 Mandrogero‚
667 4372 784 4413 nomen
801 4372 894 4434 quem
910 4353 1068 4416 libertatis
1082 4353 1198 4430 adurit,
