3625 5317
405 804 479 851 oar.
495 788 565 867 xu]
797 804 1042 851 ueracoorcus.
1315 794 1356 851 87

403 956 489 1020 omni
511 955 719 1041 problemate,
749 956 855 1021 ethico
878 954 1008 1033 scilicet,
1030 956 1176 1041 physico,
1199 969 1233 1021 et
1256 956 1360 1041 logico

403 1056 613 1141 probabiliter
634 1054 809 1143 disputare.
857 1058 919 1123 Est
934 1070 1042 1121 autem
1063 1056 1229 1142 problema
1242 1057 1358 1123 dialec-

402 1157 510 1234 ticum,
538 1156 713 1244 speculatio
743 1158 939 1223 contendens
966 1157 1017 1225 vel
1043 1157 1083 1222 sd
1111 1155 1295 1223 electionem
1324 1168 1358 1223 et

401 1260 522 1345 sugam,
535 1260 587 1325 vel
597 1260 637 1325 ad
651 1260 816 1327 veritatem
830 1275 864 1326 et
875 1260 1050 1338 scientiam,
1060 1275 1118 1327 aut
1127 1262 1242 1348 ipsum,
1252 1277 1309 1329 sut
1321 1276 1357 1328 ut

398 1360 628 1427 adminiculans
642 1361 683 1426 ad
700 1362 822 1448 aliquid
834 1361 923 1427 aliud
940 1363 1143 1450 hujusmodi;
1165 1363 1206 1428 de
1222 1388 1287 1449 quo
1298 1379 1355 1431 aut

399 1474 510 1527 neutro
532 1461 628 1527 modo
649 1461 834 1547 opinantur,
850 1476 906 1527 aut
927 1465 1098 1541 contrarie,
1122 1464 1251 1550 plurimi
1273 1465 1356 1550 sapi-

398 1563 538 1639 entibus,
565 1574 621 1629 aut
649 1562 807 1649 sapientes
834 1562 993 1649 plurimis,
1018 1576 1074 1629 aut
1102 1566 1230 1650 utrique
1258 1565 1355 1631 iidem

398 1662 528 1727 eisdem.
587 1669 759 1729 Auctorem
796 1662 992 1728 definitionis
1025 1664 1144 1729 indicat
1182 1666 1295 1750 stylus,
1323 1680 1355 1731 et

399 1763 608 1829 Aristotelem
625 1764 747 1829 faciunt
759 1764 857 1829 rerba
872 1765 1084 1829 manifestum.
1123 1765 1185 1829 Sed
1201 1780 1234 1829 et
1246 1788 1355 1833 sensus

396 1862 580 1929 verborum.
615 1864 729 1951 Neque
738 1868 821 1929 enim
832 1864 997 1951 problema
1005 1864 1208 1946 dialecticum
1218 1867 1353 1943 censuit,

399 1965 554 2053 quicquid
581 1966 664 2033 inter
693 1964 934 2031 affirmationem
965 1967 1229 2053 negationemque
1253 1966 1354 2033 dedu-

397 2066 494 2143 citur,
517 2088 575 2131 nec
600 2070 680 2132 artis
707 2089 773 2131 suae
799 2068 956 2155 opificem,
979 2068 1010 2131 in
1038 2068 1122 2133 illius
1147 2069 1352 2134 ventilatione

397 2169 533 2235 credidit
547 2169 772 2249 exercendum,
788 2170 875 2257 quod
893 2194 951 2235 uec
972 2194 1031 2257 per
1044 2194 1089 2248 se,
1105 2194 1163 2235 nec
1184 2194 1241 2256 per
1263 2173 1350 2237 aliud

396 2270 619 2357 praedictarum
629 2270 868 2357 disciplinarum
879 2272 972 2338 alicui
983 2276 1121 2357 prodest.
1155 2276 1349 2357 Numquod,

396 2370 453 2447 ait,
468 2374 662 2437 contendens
675 2374 721 2437 ad
733 2374 917 2439 demionem
934 2374 984 2438 nel
992 2377 1127 2458 sugam,
1141 2375 1204 2439 etsi
1215 2375 1278 2439 siut
1294 2380 1351 2462 qui

395 2474 436 2539 ad
455 2475 575 2541 ethicas
597 2474 757 2540 duntaxat
780 2476 974 2563 questiones
996 2476 1197 2542 referendum
1221 2489 1349 2561 putant,

394 2597 454 2661 ego
475 2577 569 2642 etiam
592 2578 633 2643 sd
661 2578 810 2663 physicas
836 2579 975 2645 arbitror
1002 2579 1168 2665 pertinere.
1216 2578 1279 2642 Sed
1307 2578 1347 2642 ad

394 2678 537 2762 logicas,
560 2692 616 2745 aut
639 2678 729 2758 nihil,
750 2694 808 2745 aut
831 2680 1009 2745 minimum.
1054 2679 1220 2765 Siquidem
1244 2693 1276 2745 et
1298 2680 1343 2745 ibi

393 2781 505 2857 virtus,
527 2790 560 2845 et
581 2778 707 2855 sitium,
730 2794 763 2843 et
785 2780 901 2845 similia
922 2777 1069 2844 electioni
1091 2780 1142 2843 vel
1168 2780 1256 2864 sugoe
1283 2803 1347 2843 ma·

394 2879 503 2945 teriam
520 2894 692 2967 praestsnt:
716 2880 768 2943 hic
784 2893 891 2944 autern
908 2880 1038 2954 sanitas,
1051 2878 1221 2964 agritudo,
1232 2903 1346 2956 causa,

392 2982 494 3066 signa,
509 2997 538 3047 et
555 2980 802 3046 circumstantie
821 2979 1030 3064 singulorum.
1076 2983 1177 3044 Porro
1192 2981 1232 3045 ad
1246 2980 1346 3046 scieu-

391 3085 470 3149 tiam
501 3096 533 3147 et
559 3084 726 3147 veritatem
758 3082 853 3146 trium
885 3081 1125 3167 disciplinarum
1155 3084 1347 3169 questiones

390 3208 487 3271 aeque
506 3184 713 3251 contendunt.
761 3184 879 3251 Utrum
897 3183 1047 3270 voluptas
1065 3183 1212 3269 eligenda
1225 3186 1279 3263 sit,
1293 3187 1343 3252 vel

393 3308 470 3362 non,
501 3286 605 3352 ethica
636 3285 820 3372 speculatio,
847 3297 979 3372 propter
1007 3308 1040 3349 se
1071 3283 1167 3349 utilis.
1222 3288 1342 3353 Utrum

393 3388 533 3453 mundus
547 3402 697 3467 aeternus,
712 3387 761 3452 vel
778 3410 852 3467 non,
868 3387 1043 3473 speculatio
1060 3386 1188 3474 quidem
1206 3390 1344 3475 Physica

391 3500 449 3571 est,
464 3491 504 3555 ad
520 3490 682 3557 scientiam
697 3504 728 3554 et
746 3491 933 3563 veritatem3
964 3503 997 3553 et
1013 3490 1095 3555 forte
1111 3490 1150 3555 ad
1166 3490 1254 3555 aliud
1270 3514 1343 3578 pro-

389 3593 479 3657 dest:
504 3606 540 3658 ut
562 3592 628 3657 scil.
652 3612 752 3677 quum
776 3605 903 3656 creatus
925 3589 1110 3668 innotuerit,
1134 3592 1214 3657 tanti
1236 3598 1342 3679 operis

390 3708 753 3769 veneremursuctorem,
765 3716 837 3757 cum
845 3693 1044 3774 transitoriis,
1055 3694 1186 3759 vilescat
1197 3694 1340 3761 moribus

390 3797 462 3884 piis,
478 3820 515 3861 eo
536 3796 624 3883 quod
642 3795 772 3860 vanitati
795 3796 960 3880 subjectus
981 3807 1029 3859 est
1052 3808 1150 3860 totus.
1196 3800 1244 3861 An
1267 3820 1341 3861 con-

391 3898 645 3965 tradictoriarum
663 3898 704 3963 sit
719 3920 843 3984 semper
857 3897 957 3963 altera
971 3919 1057 3978 vers,
1068 3896 1119 3963 rel
1135 3919 1209 3974 non,
1222 3900 1341 3985 Logica

388 3998 583 4088 speculatur,
599 4012 630 4063 et
646 4000 687 4064 ad
704 3999 791 4065 aliud
807 3999 931 4065 confert
950 3999 1094 4065 veritatis
1108 3998 1208 4088 hujus
1221 4000 1339 4067 habere

388 4101 561 4166 scientiam.
606 4099 670 4178 Qui
695 4100 797 4185 igitur
822 4098 863 4163 de
888 4103 962 4165 lona
986 4103 1116 4186 caprina
1141 4100 1339 4166 contendunt

383 4204 520 4289 jugiter,
535 4199 701 4268 dialectica
720 4200 849 4287 quidem
872 4201 1072 4287 problemata
1092 4225 1155 4266 non
1178 4214 1338 4277 exercent,

386 4320 419 4369 et
442 4317 505 4370 tam
529 4306 570 4369 ab
593 4303 721 4367 artificis
743 4304 887 4384 materia,
907 4326 1004 4389 quam
1027 4303 1068 4368 ab
1093 4302 1196 4365 officio
1221 4302 1334 4367 remoti

386 4419 481 4471 sunt:
512 4404 672 4492 siquidem
695 4404 826 4467 materia
848 4404 918 4489 ejus
941 4403 1049 4483 thesis,
1070 4400 1118 4464 vel
1142 4398 1257 4484 positio
1279 4414 1335 4467 est.
