3625 5317
764 800 985 847 enmnrrcus.
1287 788 1351 847 253

394 948 482 1023 Quae
492 952 548 1037 jus
564 974 625 1015 non
642 950 803 1037 reprobat,
820 953 873 1017 sed
890 952 1039 1039 publicus
1054 950 1210 1037 approbat
1225 973 1315 1028 usus,

484 1052 572 1119 Huic
588 1074 702 1141 operas
717 1052 834 1119 debent
849 1054 1061 1141 militiamque
1077 1075 1188 1126 auam;

394 1156 563 1222 Praeticue
577 1156 653 1220 huic
668 1156 776 1235 servit,
791 1157 953 1242 servitque
967 1156 1150 1229 theoricum
1173 1176 1276 1219 arcem

486 1258 615 1345 lmperii
631 1258 710 1322 sacri
725 1257 932 1343 Philosophia
946 1258 1046 1323 dedit.
1285 1264 1348 1322 450

659 1360 712 1424 De
726 1360 873 1442 dogmate
888 1362 1079 1425 Stoicorum.

395 1458 524 1523 Stoicus
538 1459 620 1523 hanc
635 1459 792 1544 sequitur,
810 1459 888 1523 dum
904 1480 1029 1545 semper
1044 1460 1075 1523 in
1092 1458 1204 1525 ultima
1222 1460 1325 1523 visum

484 1560 605 1645 Dirigit
620 1572 652 1624 et
668 1559 738 1623 vitii
754 1562 898 1643 germine
913 1559 996 1623 falce
1010 1573 1107 1636 secat,

396 1659 563 1724 Virtutum
579 1682 703 1725 causam
720 1659 834 1725 statuit
849 1660 990 1746 vitaeque
1004 1659 1119 1736 beatae,

483 1763 533 1827 Ut
548 1785 635 1827 mens
649 1776 809 1829 assuescat
824 1775 920 1827 cauta
935 1762 1047 1827 timere
1061 1762 1152 1825 mori.

396 1864 463 1928 Hic
478 1864 573 1929 timor
587 1864 719 1951 expellit
735 1886 832 1927 vanos
846 1888 866 1929 a
879 1864 976 1928 corde
990 1863 1160 1937 tumultus,
1284 1870 1348 1929 455

484 1965 734 2052 Mundanueque
748 1964 834 2051 sugit
850 1965 910 2030 hoc
926 1966 1071 2029 veniente
1087 1965 1197 2040 timor,

396 2069 584 2133 Conteritur
597 2069 711 2146 fastus,
725 2067 836 2132 calidae
851 2068 935 2156 perit
950 2069 1092 2153 impetus
1105 2067 1173 2144 irae,

485 2169 528 2237 Et
543 2184 642 2237 cessat
658 2170 766 2247 luxus,
782 2170 995 2257 depopulator
1008 2192 1117 2257 opum.

397 2272 503 2337 Frena
517 2272 674 2359 voluptati
690 2271 821 2349 dantur,
836 2271 1021 2338 malesuada
1035 2271 1136 2336 libido

483 2375 625 2460 Deponit
638 2374 784 2440 stimulos
799 2375 909 2441 territa
924 2376 987 2439 fine
1002 2396 1087 2439 suos.
1284 2380 1347 2437 460

397 2473 514 2537 Omnia
527 2473 700 2538 coutemnit
714 2474 835 2549 leviter,
853 2474 910 2562 qui
924 2498 958 2539 ae
972 2475 1162 2541 moriturum

483 2575 612 2660 Cogitat
628 2588 660 2640 et
676 2576 786 2643 recolit
800 2590 917 2642 cuncta
931 2576 1035 2662 perire
1050 2576 1150 2641 brevi.

398 2676 430 2739 Si
447 2689 551 2741 tamen
568 2677 689 2765 absque
704 2679 801 2743 modo
816 2679 917 2744 suerit
932 2677 1099 2744 meditatio
1114 2680 1238 2755 mortis,

483 2778 625 2844 Subruat
641 2792 677 2842 ut
692 2777 791 2841 nimio
806 2775 903 2840 corda
918 2798 1036 2861 pavore
1050 2789 1164 2862 stupor

397 2880 539 2966 Spesque
554 2890 720 2966 perempta
734 2876 827 2941 cadat
843 2878 940 2942 variis
954 2877 1082 2942 turbata
1095 2877 1253 2963 procellis,
1284 2887 1346 2944 465

482 2978 622 3044 Excedit
640 2978 763 3044 licitum
779 2978 891 3043 mortis
905 2978 1012 3063 imago
1028 2979 1167 3043 modum

395 3080 534 3146 Excedit
550 3080 639 3159 fines,
653 3103 735 3167 quos
748 3080 801 3144 lex
816 3081 1010 3167 praescripsit
1025 3080 1066 3145 ad
1081 3102 1190 3158 usum,

482 3180 525 3246 Et
543 3194 674 3246 mortem
692 3204 796 3245 veram
812 3182 924 3247 mortis
937 3182 1043 3268 imago
1057 3181 1152 3268 parit.

456 3290 507 3352 Da
521 3286 633 3351 timore
648 3285 838 3349 moderando
852 3294 882 3350 et
897 3287 1120 3369 desperatione
1135 3287 1280 3351 uitanda.

395 3390 463 3453 Lex
474 3388 582 3474 jubet,
600 3399 636 3453 ut
651 3387 774 3466 timeas,
789 3386 843 3451 sed
859 3387 1028 3473 desperare
1042 3388 1206 3453 timentem

479 3492 553 3554 Non
569 3488 663 3553 sinit:
687 3488 746 3552 hoc
760 3488 846 3553 omni
862 3488 993 3553 crimine
1008 3488 1113 3574 majus
1127 3489 1234 3555 habet.
1280 3498 1344 3556 470

395 3593 527 3656 Omnem
544 3614 644 3677 quum
660 3590 764 3655 solvat
778 3590 934 3655 consessio
948 3613 1030 3676 pura
1043 3605 1168 3657 reatum

480 3695 524 3757 Et
541 3691 625 3758 lavet
640 3692 784 3757 internus
798 3692 931 3757 crimina
945 3704 1060 3757 cuncta
1070 3691 1175 3764 dolor.

395 3792 468 3857 Hoc
483 3793 584 3859 scelus
597 3794 741 3859 excludit
754 3795 890 3870 veniam,
907 3816 1100 3881 poenamque
1114 3809 1266 3872 meretur,

481 3892 586 3969 Quam
602 3918 695 3983 prece
710 3895 759 3959 vel
775 3896 878 3983 pretio
892 3895 1019 3963 flectere
1034 3918 1127 3961 nemo
1141 3909 1257 3984 potest.

394 3994 535 4063 Crimina
549 3996 734 4064 criminibus
749 4002 904 4077 cumulat,
918 3999 1001 4063 male
1014 4011 1106 4084 gesta
1119 3998 1215 4065 lateri
1281 4006 1345 4064 475

480 4099 637 4185 Negligit,
652 4098 801 4163 absorbet
817 4113 892 4164 vota
906 4121 1081 4188 precesque
1096 4100 1203 4176 timor,

393 4199 588 4267 Clementem
605 4214 700 4287 negat
715 4222 782 4264 esse
798 4202 915 4281 Deum,
930 4224 987 4266 nec
1001 4224 1130 4289 parcere
1146 4220 1282 4286 pronum

480 4299 604 4387 Culpis,
620 4300 675 4365 aed
691 4298 843 4386 cupidum
861 4299 1026 4386 sanguinis
1040 4322 1107 4364 esse
1123 4310 1226 4383 putat.

387 4402 545 4491 Principis
560 4403 672 4469 offensi
690 4401 799 4467 nullus
817 4402 861 4467 sic
876 4403 1003 4489 mitigat
1021 4401 1112 4478 iram,
