3625 5317
665 821 741 866 vrrs
756 821 873 866 suucrr
888 821 1016 866 ‘raons
1030 819 1127 866 cunr.
1302 805 1365 865 377

413 983 515 1036 torum
534 973 621 1037 Jnda
640 995 785 1037 sermone
805 972 924 1037 celebn‘
946 974 1110 1054 vulgatum
1131 979 1191 1049 est,
1204 973 1273 1054 pari
1290 972 1364 1056 jure

414 1072 600 1138 trahendum
616 1073 721 1137 estad
737 1075 912 1158 complices
927 1094 1013 1150 suos,
1028 1095 1067 1136 eo
1087 1071 1173 1156 quod
1196 1072 1236 1134 de
1254 1073 1364 1137 simili·

412 1176 473 1237 bus
487 1176 582 1238 rebus
596 1175 681 1238 idem
703 1187 828 1240 constet
842 1197 913 1238 esse
930 1174 1103 1258 judicium.
1119 1190 1153 1238 ut
1173 1173 1364 1237 Christianis

411 1275 561 1337 omnibus
575 1295 617 1338 ex
632 1273 696 1337 fide
711 1275 843 1355 liqueat,
858 1272 945 1356 qnod
957 1273 1031 1335 coeli
1047 1274 1234 1337 revelabunt
1247 1273 1365 1356 iniqni-
1468 1297 1474 1305 ·

411 1383 508 1440 tatem
522 1377 675 1457 ipsorum,
690 1385 722 1438 et
736 1373 887 1437 adversus
902 1395 958 1436 eos
973 1387 1054 1437 terra
1069 1385 1246 1455 consurget.
1284 1375 1365 1447 Quis

413 1490 518 1541 autem
536 1475 674 1539 fidelium
690 1475 806 1538 audeat
826 1475 984 1552 dubitare,
1000 1473 1087 1559 quod
1109 1477 1199 1538 Deus
1218 1486 1366 1538 auctores

413 1591 445 1642 et
466 1588 695 1661 perpetratores
717 1578 796 1639 tanti
822 1577 981 1656 sacrilegii
1007 1589 1062 1639 ant
1088 1585 1287 1640 converteret
1312 1585 1367 1638 aut

414 1678 612 1743 contereret?

456 1783 611 1846 Passurus
634 1794 740 1846 autern
762 1783 795 1845 in
819 1782 968 1858 ecclesia,
987 1791 1023 1844 ut
1044 1779 1163 1845 dictum
1184 1792 1243 1859 est,
1259 1802 1368 1843 coram

414 1884 504 1948 altari
531 1883 653 1947 Christi
677 1895 806 1968 martyr,
832 1895 1006 1967 antequam
1032 1884 1187 1961 feriretur,
1212 1904 1310 1965 quum
1333 1905 1368 1946 se

414 1985 568 2050 audiisset
581 1987 700 2070 inquiri
720 2007 739 2049 a
761 1986 929 2061 militibus,
945 1985 1000 2070 qui
1021 1985 1063 2048 ad
1083 1986 1147 2049 hoc
1166 1996 1316 2048 venerant
1335 1986 1369 2048 in

414 2090 506 2152 turba
522 2087 709 2152 clericorum
720 2099 751 2151 et
761 2088 990 2152 monachorum
1002 2087 1257 2163 vociferantibus,
1269 2088 1289 2120 “
1301 2087 1369 2150 Ubi

416 2201 463 2252 eet
485 2189 745 2273 archiepiscopus
758 2189 788 2252 ?”
815 2189 953 2252 occurrit
973 2189 1014 2251 iis
1035 2209 1077 2251 ex
1090 2188 1202 2270 gradu,
1217 2207 1312 2270 quem
1328 2206 1371 2249 ex

415 2311 530 2371 magna
542 2307 631 2374 parte
643 2289 841 2367 ascenderat,
851 2292 941 2352 vultu
949 2289 1108 2372 intrepido
1120 2288 1240 2366 dicens,
1251 2289 1370 2351 “Ecce

415 2413 494 2473 ego:
518 2391 596 2475 qnid
613 2393 708 2455 vultis
719 2391 751 2454 ?”
795 2391 859 2455 Cui
873 2413 958 2455 untes
978 2392 1173 2454 funestorum
1188 2391 1321 2452 militum
1338 2390 1371 2452 in

416 2491 527 2574 spiritu
553 2491 664 2555 furoris
678 2491 795 2571 intulit,
818 2492 896 2556 “Ut
918 2491 1015 2555 modo
1034 2491 1194 2555 moriaris:
1224 2491 1370 2575 impossi-

417 2592 483 2656 bile
505 2594 588 2656 euim
612 2605 662 2657 est
687 2605 722 2656 ut
744 2595 882 2677 amplius
907 2593 1024 2655 vivas.’'
1069 2591 1252 2675 Respondit
1271 2592 1373 2653 archi-

418 2695 589 2778 episcopus
610 2717 675 2758 non
696 2695 811 2756 minori
831 2694 1015 2756 constantia
1036 2692 1124 2754 verbi
1144 2713 1239 2775 quam
1261 2690 1375 2776 animi,

420 2797 496 2878 quia
522 2793 620 2877 (quod
646 2794 788 2856 omnium
815 2805 989 2876 martyrum
1012 2813 1093 2875 pace
1119 2814 1161 2855 ex
1187 2792 1285 2854 animi
1311 2796 1374 2857 mei

419 2896 576 2959 sententia
601 2895 737 2958 fidenter
758 2895 906 2974 dixerim)
932 2896 1041 2957 nullus
1064 2893 1187 2956 videtur
1211 2893 1271 2955 isto
1297 2914 1373 2956 con·

418 2997 554 3060 stantior
574 2995 690 3059 fuisse:
720 2996 798 3058 “Et
819 3016 878 3076 ego
892 3016 951 3077 pro
974 2995 1047 3057 Deo
1062 3015 1135 3056 meo
1159 3005 1288 3076 paratus
1304 3015 1374 3056 sum

419 3097 510 3172 mori,
527 3107 560 3159 et
576 3116 635 3178 pro
654 3095 829 3158 assertione
846 3094 982 3178 justitiae
1002 3105 1034 3156 et
1054 3092 1201 3156 ecclesiae
1220 3093 1375 3158 libertate.

420 3196 515 3269 Quod
541 3197 568 3259 si
596 3204 694 3280 caput
719 3217 825 3259 meum
854 3195 1007 3278 quaeritis,
1032 3194 1191 3277 prohibeo
1216 3215 1258 3257 ex
1285 3205 1375 3279 parte

420 3298 648 3380 omnipotentis
675 3297 738 3359 Dei
767 3307 799 3358 et
825 3296 885 3359 sub
915 3296 1130 3373 anathemate,
1155 3316 1196 3358 ne
1226 3297 1376 3380 cuiquam

420 3393 485 3474 alii,
507 3397 573 3459 eive
589 3397 746 3460 monacho
770 3397 837 3459 sive
861 3396 978 3460 clerico
996 3396 1063 3458 sive
1085 3396 1178 3474 laico,
1195 3397 1307 3480 majori
1326 3415 1378 3475 vel

422 3497 547 3573 minori,
561 3498 594 3560 in
611 3497 718 3580 aliquo
733 3498 888 3574 noceatis,
904 3497 961 3560 sed
976 3498 1041 3559 sint
1062 3498 1220 3560 immunes
1240 3521 1259 3562 a
1280 3519 1378 3581 poena

423 3599 507 3662 sicut
531 3599 707 3663 extiterunt
729 3621 748 3662 a
775 3619 892 3674 causa;
914 3619 980 3660 non
1004 3599 1088 3661 enim
1118 3595 1192 3673 illis,
1217 3599 1274 3661 sed
1299 3601 1378 3662 mihi

421 3700 646 3784 imputandum
672 3711 729 3780 est,
755 3701 782 3764 si
811 3701 866 3785 qui
893 3720 1003 3764 eorum
1032 3701 1206 3764 laborantis
1231 3700 1379 3764 ecclesiae

424 3821 553 3862 causam
587 3817 814 3885 susceperunt:
854 3811 989 3865 mortem
1022 3797 1160 3864 libenter
1192 3804 1380 3885 amplector,

426 3896 601 3961 dummodo
622 3901 762 3961 ecclesia
780 3902 813 3961 in
829 3901 987 3963 effusione
1005 3900 1069 3962 mei
1085 3901 1251 3980 sanguinis
1265 3921 1378 3980 pacem

424 4007 638 4080 consequatur
648 4007 680 4059 et
694 3998 902 4060 libertatem.”
933 3999 1381 4080 Quisistoconstantior,quis

424 4097 547 4160 videtur
561 4097 593 4158 in
610 4097 742 4159 caritate
759 4095 951 4160 ferventior?
976 4098 1031 4180 qui
1053 4097 1128 4160 dum
1149 4117 1209 4179 pro
1230 4098 1301 4176 lege
1318 4101 1380 4162 Dei

426 4199 473 4260 eui
501 4195 782 4281 persequutoribus
812 4217 847 4258 se
874 4199 1038 4272 offerebat,
1064 4199 1096 4258 in
1122 4197 1156 4257 id
1186 4197 1287 4258 solum
1319 4201 1381 4260 sol-

425 4299 533 4362 licitus
555 4298 626 4373 fnit,
648 4319 689 4361 ne
713 4297 873 4360 commissi
895 4299 954 4360 sibi
977 4297 1081 4377 gregis
1101 4297 1134 4357 iu
1158 4295 1265 4379 aliquo
1286 4295 1381 4360 detri-

431 4410 572 4462 mentum
609 4407 777 4481 paterctur.
833 4396 939 4458 Verba
975 4397 1044 4478 ejus
1077 4416 1183 4458 nonne
1221 4395 1383 4460 Chn'sturn
