3625 5317
483 745 545 802 set
741 758 877 804 JOANNIS
893 758 1173 806 messuerimus

481 907 643 984 exorabat,
661 917 696 972 ut
710 928 783 971 eum
801 905 875 972 inde
889 907 1010 974 feceret
1025 909 1205 976 certiorem.
1234 911 1349 978 Adfuit
1361 934 1438 996 erge

480 1008 585 1074 emico
598 1009 631 1073 in
652 1007 781 1086 visione,
798 1010 987 1098 proscipiens
1007 1010 1099 1075 iilum
1121 1023 1246 1078 certum
1267 1035 1348 1096 esse,
1362 1012 1438 1101 quis

481 1132 522 1176 ex
537 1132 602 1197 quo
616 1132 712 1174 onere
728 1112 830 1176 cernis
845 1125 961 1178 exutus
976 1125 1034 1189 est,
1050 1112 1186 1197 gloriose
1200 1114 1292 1181 illum
1308 1115 1437 1201 excepit

481 1224 514 1277 et
533 1213 646 1278 stolam
666 1213 914 1280 immortulitatis
934 1215 1049 1298 induit,
1068 1238 1166 1303 quem
1187 1238 1262 1282 vere
1283 1216 1437 1300 solueret,

481 1314 574 1380 Jesus
590 1315 744 1382 Christus.

482 1659 562 1742 Cep.
584 1663 632 1722 18.
657 1659 708 1721 De
729 1659 897 1722 miraculis
918 1661 1025 1722 sancti
1042 1661 1149 1741 patris
1169 1660 1275 1724 nostri
1295 1661 1437 1726 Auedmt'

526 1759 776 1825 Cuntuamensis
790 1761 1028 1841 archiepiscopi.
1066 1759 1120 1823 De
1133 1764 1268 1842 quodam
1283 1765 1437 1826 monache

523 1865 657 1925 ecclesie
675 1863 797 1926 Christi
817 1863 1075 1934 Conlaudatus,
1091 1867 1152 1943 qui
1173 1866 1305 1926 accessit
1319 1866 1366 1926 ad
1387 1871 1438 1928 tu-

524 1967 647 2026 mulum
663 1964 768 2026 saneti
779 1963 889 2026 Patris
900 1962 1045 2026 Anselmi
1059 1984 1158 2026 cuum
1170 1966 1297 2039 orandi,
1308 1966 1438 2041 seilicet,

524 2066 579 2128 An
590 2065 619 2129 A
623 2066 772 2136 nselmum,
786 2085 831 2126 un
844 2085 905 2144 pro
917 2064 1085 2137 Aurelium·
1103 2065 1242 2144 dignum
1253 2069 1438 2149 semipsum

523 2169 634 2247 rogari
649 2173 688 2228 ut
702 2172 872 2238 sanciunt,-
897 2169 977 2246 quia
996 2184 1112 2228 nomen
1132 2167 1203 2245 ejus
1216 2169 1376 2250 scriptum
1392 2175 1439 2231 est

523 2270 562 2329 in
576 2268 654 2329 libre
669 2269 745 2328 ritae
754 2291 764 2329 :
786 2273 817 2329 et
832 2267 870 2329 de
885 2267 961 2328 aliis
974 2267 1142 2329 miraculis
1154 2269 1234 2346 ejus.

523 2445 670 2507 Losouu
683 2442 753 2516 erit,
767 2441 792 2504 si
809 2443 928 2518 omnia,
939 2464 1012 2526 que.»
1026 2456 1102 2506 tune
1118 2444 1314 2521 ecciderunt,
1326 2445 1438 2529 hujus·

480 2544 567 2610 modi
593 2544 778 2607 reserentur.
824 2541 889 2606 Sed
918 2542 952 2604 in
982 2545 1107 2626 paucis,
1133 2545 1209 2629 quia
1238 2546 1438 2609 succinctam

480 2644 683 2730 promisimus
704 2642 901 2720 brevitatem,
923 2643 1004 2706 liber
1028 2643 1089 2706 iste
1112 2643 1296 2720 claudatem
1327 2657 1360 2708 et
1381 2647 1438 2729 qui

480 2746 573 2828 plum
597 2744 678 2808 scire
705 2741 869 2818 volueriut,
895 2753 1058 2806 recurrant
1083 2742 1124 2805 ud
1149 2745 1273 2821 sontes3
1304 2743 1438 2824 gmudie

480 2847 593 2930 loquor
607 2845 810 2917 volumine,e
826 2845 943 2927 quibus
958 2843 1027 2908 haee
1042 2845 1131 2908 velut
1143 2854 1233 2907 tanto
1250 2844 1379 2909 modico
1394 2843 1437 2909 ed

480 2947 694 3012 itinerantium
705 2945 957 3010 consolationem
967 2956 1000 3010 et
1011 2945 1206 3025 refrigerium
1214 2956 1342 3029 sumpte
1352 2958 1435 3010 suut.

481 3048 637 3111 Noricius
659 3046 788 3130 quidum
813 3045 1054 3110 Ceutuarieusis
1081 3047 1227 3109 ecclesiae
1250 3050 1437 3118 monachus,

480 3150 562 3212 inter·
576 3147 656 3210 ulios
668 3148 722 3230 qui
739 3146 780 3210 ad
796 3148 936 3208 tumbam
949 3147 1048 3228 petris
1061 3147 1202 3208 Auselmi
1218 3145 1329 3208 oreudi
1341 3167 1439 3210 cause

481 3253 642 3312 turmatim
666 3246 883 3318 confluebant,
905 3259 996 3308 ectus
1014 3246 1144 3329 quidem
1166 3247 1337 3312 devotione
1359 3249 1437 3311 illuc

482 3345 643 3420 veniebam
664 3345 834 3408 baesitabat
845 3359 961 3423 tumen,
971 3346 1048 3430 quid
1058 3348 1166 3428 potius
1177 3349 1441 3424 essetoraudum,

481 3447 605 3512 scilicet
620 3467 659 3508 an
676 3443 857 3519 Auselmus,
873 3464 915 3506 en
931 3465 988 3526 pro
1003 3446 1166 3509 Auselmo.
1205 3447 1273 3510 Sed
1288 3468 1388 3530 quum
1403 3447 1438 3508 iu

481 3547 664 3634 hujusmodi
691 3544 899 3608 fluctuatione
925 3545 1046 3608 diutius
1071 3548 1276 3623 anxiaretur;
1309 3559 1377 3610 tota
1404 3567 1438 3610 se

482 3650 651 3714 devotione
672 3645 829 3710 convertit
844 3644 884 3706 ad
907 3644 1094 3714 Dominum,
1110 3666 1228 3726 rogans
1247 3656 1284 3710 ut
1304 3646 1384 3731 quid
1404 3668 1440 3710 se

481 3759 627 3831 oporteat
641 3749 745 3810 fucere
768 3746 959 3819 instruatur3
985 3755 1020 3808 et
1037 3745 1116 3828 quia
1136 3747 1171 3810 iu
1193 3749 1325 3810 veritate
1347 3747 1438 3830 pium

480 3846 659 3910 Dominum
685 3844 803 3928 soepius
828 3843 1009 3920 invenerim
1039 3845 1071 3926 iu
1099 3846 1220 3910 risione
1246 3848 1304 3908 ubi
1326 3848 1440 3909 orabat

481 3963 554 4014 ente
577 3949 673 4012 altare
693 3947 721 4008 ei
746 3959 873 4028 apertus
896 3955 945 4007 est
966 3946 1058 4023 liber,
1072 3947 1105 4008 iu
1122 3968 1188 4029 quo
1209 3947 1438 4010 decentissime

480 4054 632 4135 scriptum
647 4063 725 4120 erat,
741 4048 880 4136 Sanctus
898 4048 1075 4110 Anselmus.
1121 4048 1288 4111 intellexit
1301 4069 1377 4130 ergo
1393 4047 1440 4110 vir

481 4155 614 4218 devotus
638 4171 754 4214 numen
781 4149 924 4210 Auselmi
951 4150 1105 4232 scriptum
1132 4151 1164 4212 in
1192 4151 1275 4212 libro
1300 4149 1385 4221 vitoe,
1407 4160 1439 4210 et

480 4253 692 4339 praecedeutis
708 4251 777 4312 vitm
793 4249 904 4311 merite
921 4247 1052 4330 dignum
1068 4271 1139 4312 esse
1160 4251 1269 4332 ipsum
1283 4249 1385 4331 rogeri
1402 4259 1439 4321 ut

478 4366 633 4418 sanctum.
678 4351 768 4414 Alius
790 4351 823 4412 in
846 4348 959 4412 eedem
982 4352 1122 4414 ecclesie
1144 4353 1239 4414 frater
1260 4351 1347 4434 gravi
1371 4370 1440 4426 cor·
