3625 5317
402 836 472 881 cnr.
492 817 542 897 a]
773 834 1016 882 uuranoomns.
1296 823 1357 881 149

401 983 702 1071 improbabilissima
725 984 840 1064 dicere,
863 1000 894 1051 et
914 986 975 1050 alia
995 985 1135 1072 quidem,
1159 1009 1254 1073 quam
1279 1010 1353 1073 quae

306 1128 313 1133 -
401 1102 535 1173 propter
563 1086 753 1173 positionem
790 1101 865 1153 sunt
901 1088 1096 1153 necessaria:
1135 1087 1355 1173 respondentis

402 1201 521 1263 autem,
545 1208 607 1252 non
627 1199 759 1273 propter
778 1210 851 1251 eum
867 1186 967 1251 videri
988 1187 1131 1251 accidere
1150 1187 1354 1273 impossibile,

402 1302 458 1354 aut
482 1287 570 1375 quod
592 1301 710 1373 praeter
724 1287 904 1374 opinionem
921 1300 979 1368 est,
995 1288 1050 1353 sed
1072 1301 1205 1375 propter
1223 1290 1353 1375 positio·

402 1412 485 1455 nem.
530 1390 702 1457 Diversum
725 1392 807 1454 enim
825 1392 959 1455 fortasse
982 1405 1146 1477 peccatum
1161 1404 1221 1467 est,
1236 1414 1354 1476 ponere

401 1492 553 1575 primum,
569 1490 658 1577 quod
679 1513 740 1554 non
762 1505 899 1576 oportet,
920 1504 952 1556 et
975 1492 1127 1577 positum,
1141 1513 1203 1555 non
1229 1515 1353 1556 servare

401 1593 574 1659 secundum
599 1592 749 1659 modurn:
780 1609 813 1657 at
839 1615 1014 1680 opponens,
1038 1596 1097 1659 etsi
1124 1594 1284 1658 interdum
1308 1594 1352 1657 ad

400 1693 628 1769 inductionem,
646 1705 681 1756 nt
702 1692 798 1757 detur
821 1692 1009 1770 universale,
1030 1707 1085 1758 aut
1106 1696 1139 1757 in
1160 1694 1353 1779 magnitudi-

400 1816 472 1857 nem
488 1793 651 1871 orationis,
660 1806 717 1859 aut
730 1806 766 1858 ut
777 1793 974 1858 manifestior
986 1797 1028 1858 sit
1039 1794 1152 1875 oratio,
1162 1797 1354 1879 negotietur,

400 1894 434 1959 in
448 1896 597 1961 omnibus
616 1896 810 1982 praecipuam
827 1898 981 1960 virtutem
1001 1894 1090 1961 ducit
1111 1894 1352 1959 occultationem

378 1997 623 2093 ‘conclusionis
650 2010 686 2062 ut
710 1998 851 2061 oratione
877 2020 934 2084 per
960 1997 1189 2062 conclusionem
1215 1995 1353 2083 expleta,

402 2111 563 2183 qnaeratur
574 2110 704 2184 propter
721 2098 808 2183 quid.
854 2097 951 2161 Unde
965 2101 997 2162 in
1014 2098 1134 2186 nuptiis
1151 2097 1305 2162 Mercurii
1320 2111 1353 2162 et

401 2197 601 2284 Philologiae,
620 2198 793 2263 Dialectica
815 2200 848 2263 in
871 2221 967 2263 manu
990 2215 1167 2286 serpentem
1190 2212 1304 2283 gestat,
1320 2212 1353 2262 et

403 2298 566 2378 formulas,
582 2314 617 2365 ut
632 2302 751 2365 astutia
773 2300 937 2386 serpentis,
954 2324 1026 2387 quae
1048 2305 1246 2387 propositum
1262 2299 1353 2386 tegit,

403 2402 608 2469 mordeantur
619 2404 739 2468 incauti
757 2416 787 2468 et
805 2404 917 2469 rudes:
933 2417 990 2469 aut
1000 2406 1137 2491 improbi
1150 2428 1207 2491 per
1222 2406 1354 2469 rationis

403 2504 558 2569 formulas
587 2504 785 2582 erudiantur,
815 2520 871 2570 ant
904 2505 1143 2571 convincantur.
1198 2507 1352 2571 Consistit

404 2618 510 2673 autem
523 2606 656 2681 cautela,
666 2607 698 2671 in
710 2606 821 2672 ordine
831 2619 863 2670 et
876 2606 970 2672 modo
981 2607 1131 2693 explendi
1141 2611 1352 2692 propositum,

404 2707 470 2772 sive
492 2708 711 2786 dividendum,
735 2732 789 2773 seu
813 2709 1043 2787 definiendum,
1063 2732 1116 2772 sen
1139 2708 1350 2790 colligendum

403 2808 458 2874 sit:
498 2822 646 2896 recteque
675 2809 818 2895 procedit
849 2832 888 2873 cx
920 2808 1136 2894 praeexistenti
1171 2809 1353 2890 cognitione

404 2911 559 2988 locorum,
570 2923 602 2975 et
618 2909 941 2994 argumentationum,
950 2907 1150 2993 aliorumque
1162 2929 1354 2985 sermonum,

403 3013 522 3099 quibus
544 3010 744 3076 definitiones
766 3022 800 3074 et
821 3007 994 3073 divisiones
1016 3007 1224 3093 explicantur.
1272 3010 1353 3073 Nam

403 3114 463 3179 loci
486 3111 743 3199 argumentandi,
768 3124 801 3176 et
820 3110 996 3187 dividendi,
1019 3109 1265 3196 definiendique,
1288 3111 1354 3197 ple·

404 3237 539 3302 rumque
561 3227 636 3277 sunt
658 3233 857 3277 communes:
887 3211 941 3275 sed
964 3214 1012 3277 vis
1030 3212 1108 3277 artis
1129 3211 1162 3275 in
1186 3233 1355 3297 argumen-

405 3316 578 3383 tationibus
589 3314 726 3401 amplius
738 3315 834 3398 viget.
876 3316 914 3377 ln
929 3313 1006 3400 ipsis
1022 3338 1151 3402 quoque
1163 3315 1353 3400 syllogismis

406 3420 573 3485 violentior
595 3428 652 3493 est,
669 3418 734 3481 sive
753 3419 937 3504 integritate
961 3420 1011 3483 sui
1031 3419 1192 3505 perfectus
1213 3421 1265 3497 sit,
1286 3422 1353 3485 sive

405 3522 509 3586 media
532 3520 750 3607 propositione
773 3521 947 3596 subtracta,
970 3520 1011 3584 ad
1034 3521 1164 3586 modum
1189 3523 1354 3607 enthyme-

405 3623 500 3687 matis
529 3618 758 3685 conclusionem
786 3618 952 3686 acceleret:
983 3622 1119 3707 ideoque
1151 3644 1226 3685 usus
1253 3627 1355 3703 magia

407 3726 477 3811 ejus
491 3724 568 3787 lacit
581 3721 621 3786 ad
642 3720 788 3785 alterum.
834 3722 985 3786 Inductio
1000 3744 1076 3786 vero
1094 3721 1192 3786 levior
1215 3737 1273 3803 est,
1288 3727 1353 3788 sive

406 3824 570 3889 maturiori
592 3824 714 3887 incessu
736 3847 755 3886 a
775 3823 922 3909 pluribus
944 3824 1168 3909 progrediatur
1189 3826 1229 3889 ad
1255 3849 1353 3891 unum

405 3924 590 3999 universale,
618 3936 673 3989 aut
699 3922 899 4009 particulare,
929 3924 994 3987 sive
1018 3926 1130 3989 acriori
1160 3926 1281 4013 impetu
1313 3927 1354 3991 ab

405 4049 482 4102 uno,
499 4025 539 4091 ad
554 4024 691 4111 exempli
708 4028 837 4089 formam
854 4026 997 4103 inducto,
1010 4027 1049 4091 ad
1066 4050 1177 4103 unum,
1189 4028 1354 4092 inferendo

405 4129 558 4215 prosiliat.
605 4126 668 4192 Hic
688 4140 795 4191 antem
820 4128 934 4192 modus
956 4129 1056 4215 magis
1081 4131 1262 4195 oratoribus
1280 4151 1354 4191 con·

404 4230 507 4315 gruit:
523 4228 684 4295 interdum
695 4241 799 4295 tamen
812 4244 943 4294 ornatus
952 4244 1007 4296 ant
1017 4230 1237 4317 explicationis
1246 4252 1353 4303 causa,

405 4331 556 4397 conducit
577 4346 608 4398 et
629 4332 811 4397 dialectico:
841 4333 941 4419 magis
961 4334 1043 4396 enim
1064 4332 1281 4419 persuasorius
1296 4345 1355 4411 est,

405 4457 501 4520 quam
520 4457 645 4520 urgens.
693 4434 799 4505 Unde,
820 4435 902 4498 sicut
926 4438 1056 4498 Marcus
1076 4432 1203 4497 Tullius
1217 4432 1250 4496 in
1268 4433 1354 4499 ltne-
