3625 5317
463 772 528 831 300
718 780 1149 831 rornnrssrasssrrarensrs

463 939 521 1002 Me
535 937 626 1022 quasi
643 956 824 1018 preconem
840 956 1019 1012 causarum,
1027 934 1135 1020 jurgia
1149 955 1235 1018 saepe

548 1040 708 1102 Exercere
717 1038 821 1123 jubet,
835 1058 995 1121 parvaque
1010 1037 1096 1101 dona
1110 1037 1213 1121 sequi.

462 1143 507 1204 Et
521 1140 617 1204 modo
632 1149 795 1223 patronus,
810 1137 909 1203 modo
918 1137 1034 1222 judex,
1049 1147 1082 1202 et
1096 1139 1192 1201 modo
1205 1138 1297 1202 testis

549 1241 673 1318 Clamo,
682 1240 757 1324 jura
771 1240 901 1304 Petrum
917 1251 1059 1317 contero,
1072 1239 1151 1303 falsu
1166 1242 1289 1324 loquor.

462 1344 531 1409 Sub
546 1343 653 1427 specie
668 1343 735 1405 veri
751 1361 865 1406 curans
879 1340 1033 1404 iuducere
1048 1341 1163 1404 salsum

548 1446 651 1521 Fauo,
667 1444 805 1529 perjuro,
820 1455 1038 1527 praetereoque
1054 1443 1163 1508 fidem.

462 1548 589 1632 Fasque
603 1547 755 1631 nefasque
771 1544 863 1607 simul
879 1545 996 1627 aequaii
1010 1542 1155 1629 pondere
1169 1544 1298 1622 librans,

549 1649 611 1713 Per
624 1647 747 1712 licitum
764 1646 881 1729 pariter
894 1646 1107 1729 illicitumque
1124 1666 1228 1727 vagor.

463 1754 499 1819 Si
514 1755 607 1819 lateri
622 1754 672 1816 vel
688 1750 856 1813 Pontificio
871 1751 922 1813 vel
938 1749 1097 1833 Principis
1112 1748 1217 1823 adsto,

546 1855 639 1918 Tunc
656 1861 819 1936 unguenta
834 1871 911 1933 paro
926 1849 1055 1930 blanda,
1071 1851 1198 1933 placere
1213 1849 1334 1912 volens.

462 1959 562 2040 Ungo
576 1957 755 2034 blanditiis,
769 1965 803 2017 ut
819 1954 954 2018 delicias
968 1952 1031 2016 sibi
1047 1963 1159 2016 venter

548 2059 747 2136 Accumulet,
764 2076 801 2120 ac
816 2076 867 2118 me
884 2053 1031 2118 distrahit
1044 2053 1098 2117 ille
1113 2075 1245 2119 nocens.

461 2161 580 2225 Nonne
596 2181 710 2224 manus
723 2168 840 2221 nostrae
857 2157 957 2221 ventri
973 2156 1087 2219 servire
1102 2156 1271 2221 laborant?

547 2264 667 2325 Nonne
683 2261 786 2324 minas
801 2260 870 2345 ejus
886 2255 1117 2344 imperiumque
1132 2258 1265 2323 timent?

461 2362 633 2439 Furantur,
648 2364 787 2446 rapiunt,
802 2373 974 2445 operantur
987 2372 1020 2425 et
1033 2361 1140 2424 omnia
1154 2373 1263 2426 venter

548 2462 701 2546 Suscipit,
716 2476 747 2525 et
762 2464 870 2526 sorbet
886 2463 994 2526 omnic
1009 2462 1117 2546 Scylla
1131 2485 1239 2527 vorax.

461 2565 549 2629 Huic
564 2565 677 2628 oculus
692 2563 787 2626 servit
802 2575 944 2643 venator,
959 2564 1057 2628 currit
1071 2565 1201 2649 ubique,

548 2663 691 2730 Nunciat
705 2665 758 2729 hic
775 2663 920 2742 domino,
934 2687 1006 2750 quae
1022 2666 1154 2730 meliora
1168 2678 1269 2751 putat.

461 2769 538 2832 Heu
552 2767 692 2853 pedibus
707 2775 842 2850 quantos
857 2766 988 2830 induxit
1001 2787 1087 2849 eaepe
1102 2767 1240 2844 labores,

547 2871 639 2942 Quos
654 2870 751 2932 nimis
766 2868 889 2950 affligit,
904 2890 986 2952 quos
1001 2869 1070 2931 sine
1085 2871 1155 2950 iege
1170 2871 1294 2953 premit.

462 2971 543 3037 ludo
559 2971 652 3036 dolor
666 2971 765 3034 nostri
780 2972 942 3034 consumit
956 2971 1099 3054 corporis
1114 2991 1198 3050 ossa,

547 3075 697 3138 Membra
712 3072 823 3157 quatit,
840 3073 922 3136 vires
936 3072 1054 3149 haurit,
1068 3083 1197 3156 aratque
1212 3086 1329 3138 cutem.

460 3177 522 3239 Est
535 3174 577 3239 sd
593 3175 754 3238 servitium
770 3173 864 3237 uobis
879 3173 1024 3238 studiosa
1037 3175 1195 3253 voluntas,

547 3274 658 3338 Gratia
672 3274 760 3338 nulla
775 3285 900 3338 tamen:
926 3296 1103 3358 conqueror
1117 3275 1192 3339 inde
1207 3277 1319 3358 magis.

460 3377 545 3440 Nam
563 3393 660 3459 quum
676 3372 805 3436 servitio
821 3373 994 3456 respondet
1007 3375 1120 3456 gratia,
1135 3377 1270 3439 multum

545 3477 727 3562 Temperat,
741 3473 839 3538 immo
855 3477 933 3538 iacit
947 3476 1042 3540 dulce
1057 3475 1173 3541 laboris
1186 3498 1277 3541 onus.

460 3579 547 3646 Huic
563 3599 637 3643 vero
653 3598 752 3661 quum
767 3577 865 3641 multa
881 3576 1004 3655 damus,
1018 3599 1116 3661 quum
1133 3579 1234 3642 multa
1247 3599 1408 3663 paramus,

546 3681 620 3744 Non
638 3688 743 3742 cessat
758 3679 910 3762 querulus
925 3676 1055 3742 dicere:
1078 3700 1182 3763 pauca
1196 3678 1291 3743 datis.

461 3781 495 3844 Si
511 3779 640 3843 dederis
655 3778 763 3855 hodie,
778 3779 841 3841 nisi
857 3800 927 3843 cras
942 3778 1081 3856 dederis,
1096 3781 1160 3845 nisi
1175 3802 1298 3844 rursum

544 3882 589 3945 Et
602 3901 725 3944 rursum
743 3880 880 3958 dederis,
894 3881 1028 3963 perdere
1043 3882 1146 3965 prima
1160 3893 1265 3966 potes.

456 3984 502 4048 Et
516 3983 545 4047 si
558 3983 638 4046 sorte
655 3981 721 4046 suis
735 3982 832 4046 dicit:
857 3981 934 4046 satis
949 3993 1008 4062 est,
1024 3983 1102 4048 satis
1117 3984 1218 4049 illud:

543 4085 622 4148 Post
636 4084 800 4149 modicum
814 4095 944 4172 tempus
958 4085 1072 4170 incipit
1087 4107 1158 4150 esse
1175 4107 1297 4169 parum.

456 4188 575 4266 Dicite,
589 4186 667 4272 quid
682 4197 803 4250 tantam
819 4187 922 4269 possit
936 4188 1050 4252 satiare
1067 4188 1254 4272 Charybdin
1266 4187 1277 4252 i

544 4289 664 4364 Dicite,
679 4297 800 4372 quanta
815 4289 917 4372 cupit,
932 4291 1004 4372 quis
1020 4289 1096 4355 dare
1111 4301 1201 4355 tanta
1216 4291 1345 4374 potest?

458 4393 522 4455 Hic
538 4391 632 4454 etiam
644 4403 773 4482 nostros
789 4400 885 4471 auget
899 4391 1107 4478 cumulatque
1124 4394 1261 4467 labores,
