3625 5317
425 802 495 853 cre.
512 786 611 867 xtra]
787 804 1033 851 unraaocrcns.
1311 786 1376 853 178

423 976 553 1021 morere
577 978 719 1032 manum,
748 954 836 1042 quod
864 956 995 1043 quidem
1025 954 1164 1042 amplius
1191 967 1251 1033 est,
1276 978 1375 1042 quam

424 1054 533 1120 videre
548 1055 706 1121 hominem
716 1071 907 1133 moventem,
921 1055 956 1120 id
972 1069 1030 1137 est,
1046 1055 1219 1143 quimovet
1234 1078 1374 1122 manum.

425 1156 521 1234 Quod
552 1158 578 1221 si
606 1157 660 1222 cui
682 1160 799 1223 mirum
822 1172 882 1236 est,
904 1156 1085 1244 acquiescat
1106 1154 1158 1222 vel
1181 1158 1376 1243 Augustino·

425 1257 527 1323 Porro
550 1258 631 1324 ratio
653 1259 847 1326 transcendit
868 1282 994 1324 omnem
1016 1281 1157 1340 sensum,
1170 1272 1203 1325 et
1213 1258 1374 1347 judicium

423 1381 529 1434 suum,
551 1358 646 1423 etiam
669 1358 701 1423 in
730 1361 951 1448 corporalibus
971 1372 1005 1424 et
1026 1360 1247 1446 spiritualibus
1275 1360 1375 1426 rebus

421 1460 592 1545 immergit.
630 1461 876 1547 Contemplatur
891 1461 998 1525 omnia
1012 1460 1173 1539 iuferiora,
1187 1461 1270 1527 etad
1280 1484 1374 1549 snpe-

422 1562 506 1627 riora
522 1576 724 1650 prospectum
740 1562 888 1629 intendit.
936 1562 1065 1629 Rationi
1076 1562 1288 1629 Hebraeorum
1300 1586 1375 1628 con·

423 1664 519 1730 sentit
543 1666 670 1731 Senecae
693 1664 848 1742 definitio,
871 1665 931 1731 etsi
946 1666 1000 1730 ille
1021 1664 1108 1730 aliud
1132 1664 1275 1730 senserit.
1317 1666 1374 1731 Ait

418 1770 519 1832 eninr:
543 1769 642 1833 Ratio
649 1780 697 1833 ert
706 1770 851 1851 quodam
858 1790 940 1852 pora
953 1770 1058 1832 divini
1068 1770 1212 1851 Spiritus
1220 1770 1375 1832 lamonia

417 1873 565 1937 immersu
575 1874 770 1956 corporibus.
794 1871 890 1948 Quod
905 1884 1011 1936 tamen
1023 1882 1079 1937 aut
1092 1871 1192 1934 errori
1203 1867 1372 1953 gentilium

417 1973 720 2039 accommodandum
742 1986 801 2055 est,
820 1974 877 2060 qui
898 1974 1036 2038 animam
1057 1970 1180 2048 mundi,
1198 1972 1230 2036 in
1251 1968 1374 2035 animas

418 2076 559 2162 singulas
580 2074 770 2163 discerptam
800 2076 1028 2163 opinabantur,
1051 2076 1218 2162 ipsamque
1238 2074 1373 2139 mentie-

416 2177 536 2244 bantur
557 2202 624 2246 csse
646 2180 802 2266 Spiritum
826 2192 989 2245 sanctum:
1014 2192 1071 2244 aut
1093 2177 1263 2264 benignius
1276 2176 1372 2241 inter·

416 2280 608 2366 pretendum
630 2294 699 2346 est:
723 2294 759 2347 ut
782 2304 867 2369 pars,
889 2304 952 2345 non
981 2284 1014 2348 in
1044 2280 1237 2367 quantitate,
1259 2279 1315 2345 sed
1337 2278 1371 2343 in

419 2380 539 2447 virtute
553 2382 640 2448 dicta
656 2382 814 2449 credatur.
860 2382 944 2449 Nam
961 2394 999 2449 ut
1012 2381 1102 2448 verbi
1113 2382 1249 2468 figuram
1264 2380 1372 2468 expri-

416 2497 528 2557 meret,
536 2484 653 2572 adjecit
663 2485 823 2572 quaedam.
846 2485 940 2551 Licet
949 2486 1032 2551 enim
1044 2484 1124 2551 ratio
1133 2481 1372 2571 quodammodo

416 2585 520 2651 virtus
531 2586 639 2653 divina
651 2588 702 2669 sit,
715 2610 919 2676 nequaquam
936 2600 1041 2655 tamen
1051 2609 1126 2675 pars
1136 2586 1206 2673 ejus
1220 2599 1282 2669 est,
1292 2586 1371 2673 quia

415 2688 659 2757 absolutissimae
675 2688 891 2777 simplicitatis
907 2703 966 2754 est.

416 2878 496 2965 Cap.
515 2886 564 2945 17.
586 2881 640 2946 De
651 2880 912 2967 officiorots'onr's,
924 2884 1187 2958 devoremur
1200 2876 1369 2958 incapite,

455 2981 570 3063 quibua
591 2983 677 3043 ratio
694 2976 862 3063 presidet.-
885 2984 917 3042 et
937 2998 1018 3060 quoa
1029 2978 1234 3060 pedissequos
1254 2976 1370 3041 lrabeat

453 3083 642 3167 philologio.

458 3201 563 3278 Quorr
575 3220 651 3284 ergo
660 3197 741 3264 ratio
752 3196 875 3285 origine
885 3196 994 3262 divina
1004 3194 1204 3276 nobilitetur,
1215 3196 1368 3263 etdirino

411 3302 530 3389 polleat
552 3300 714 3379 exercitio,
744 3322 814 3364 eam
837 3321 933 3386 snper
959 3298 1066 3365 omnia
1093 3298 1257 3365 colendam
1288 3322 1365 3377 esse,

412 3402 513 3469 totius
528 3401 738 3489 philosophia
756 3401 884 3469 decreto
906 3402 1063 3468 sancitum
1079 3414 1139 3467 est.
1184 3405 1266 3468 Haec
1280 3401 1366 3467 enim

410 3502 606 3569 inordinatos
626 3516 732 3569 motus
746 3502 929 3590 compescit,
944 3517 977 3567 et
992 3502 1033 3567 ad
1049 3523 1193 3568 normam
1214 3500 1367 3568 bonitatis

410 3604 571 3689 componit
583 3603 741 3681 universa,
753 3616 790 3669 ut
802 3602 881 3669 nihil
893 3604 934 3668 sit
947 3602 1035 3689 qnod
1045 3601 1239 3668 ordinationi
1248 3601 1367 3669 divina

410 3717 580 3791 repugnet,
611 3705 663 3770 cui
692 3705 718 3769 si
747 3702 822 3790 quis
857 3702 1070 3791 obtemperat,
1101 3702 1187 3768 felici
1216 3726 1366 3790 processu

411 3821 543 3895 peraget
557 3828 682 3873 aevum:
699 3806 724 3872 si
750 3805 920 3887 detrectat,
935 3818 972 3870 ut
995 3805 1029 3869 in
1057 3805 1184 3870 Timaeo
1197 3806 1243 3870 ait
1260 3804 1366 3889 Plato,

412 3908 575 3975 Claudum
583 3912 647 3974 iter
657 3911 747 3983 vitre,
757 3914 788 3972 at
802 3926 954 3971 moricum
968 3926 1110 3989 serpena,
1118 3926 1191 3970 cum
1196 3908 1368 3992 familiari

409 4012 551 4076 stultitia
566 4014 695 4075 demum
710 4018 879 4073 revocator
893 4008 939 4072 ad
952 4010 1098 4091 inferno.
1120 4006 1200 4093 Agit
1214 4006 1283 4071 hac
1297 4028 1366 4072 cor-

410 4113 496 4201 poris
510 4134 619 4179 curam
639 4120 672 4177 et
686 4112 812 4188 animm,
832 4122 864 4175 et
887 4121 1064 4195 utrumque
1083 4111 1256 4195 componit.
1300 4107 1366 4185 Qui

410 4236 485 4279 vero
508 4227 685 4299 utrumque
707 4210 894 4289 contemnit,
911 4232 1043 4275 mancus
1056 4222 1089 4274 et
1104 4208 1220 4275 debilia
1235 4216 1294 4288 eat,
1308 4208 1366 4294 qui

409 4316 557 4393 alterum,
572 4314 717 4380 claudus.
762 4314 808 4379 Et
823 4313 899 4401 quia
915 4334 1064 4377 sensuum
1081 4308 1291 4376 examinatrix
1307 4323 1367 4392 est,

409 4422 467 4504 qui
483 4420 526 4483 ob
541 4417 673 4483 fallendi
695 4414 957 4481 consuetudinem
980 4425 1114 4498 possunt
1136 4434 1203 4477 esse
1217 4412 1369 4503 suspecti,
