3625 5317
501 753 566 813 ets
766 760 1195 808 torruissasussomsusrs

502 916 573 980 Hos
587 914 660 980 libri
674 912 866 1000 impediunt,
881 912 953 977 ilios
968 910 1162 975 documenta
1176 911 1332 997 priorum,

585 1014 838 1100 Successumque
852 1026 962 1080 vetent
979 1036 1112 1099 magnus
1128 1012 1244 1077 hebere
1258 1014 1360 1078 labor.

498 1118 655 1204 Disputat
668 1116 793 1201 ignare,
807 1115 864 1201 qui
879 1115 999 1201 scripta
1013 1113 1149 1177 revolvit
1163 1127 1196 1179 et
1212 1126 1310 1188 artem

585 1222 670 1285 Nam
687 1230 828 1281 veterum
844 1217 953 1282 fautor
969 1215 1090 1301 logicus
1105 1238 1172 1280 esse
1187 1215 1310 1301 nequit.

498 1322 757 1408 Disceptaturus,
772 1318 830 1405 qui
845 1317 997 1403 dogmata
1012 1320 1116 1403 prisce
1131 1330 1297 1403 sequetur,
1409 1318 1450 1387 95

587 1424 626 1487 Iu
642 1420 900 1487 Petriarcharum
918 1418 1022 1483 bobus
1036 1418 1203 1483 habendus
1217 1419 1287 1485 erit.

499 1523 582 1587 Nam
599 1543 665 1608 quo
678 1519 773 1606 plura
788 1519 883 1603 leges,
899 1531 1020 1581 restant
1036 1517 1095 1581 ribi
1111 1516 1205 1603 plura
1220 1516 1366 1602 legenda,

584 1625 629 1687 Et
644 1644 711 1708 quo
724 1620 820 1707 plura
833 1620 959 1695 docent,
975 1618 1069 1705 plura
1083 1617 1226 1684 docenda
1240 1618 1366 1685 docent.

497 1728 605 1793 Pauca
619 1724 716 1809 legas,
732 1738 769 1788 ut
785 1721 887 1787 multa
901 1721 991 1797 scias,
1009 1722 1067 1786 tibi
1084 1724 1242 1787 maximus
1256 1735 1369 1788 auctor

585 1824 729 1904 Quilibet
741 1837 900 1902 occurrat,
917 1824 961 1888 sic
977 1824 1018 1887 sit
1034 1822 1065 1887 in
1081 1846 1135 1887 ore
1151 1836 1219 1901 tuo,
1392 1828 1447 1890 tot

498 1929 545 1992 Ut
561 1926 718 2012 quicquid
733 1926 831 2002 dices,
848 1938 960 1990 auctor
975 1924 1094 1988 dixisse
1108 1936 1253 2009 putetur,

583 2032 629 2095 Et
644 2050 733 2094 mens
748 2028 834 2093 iliius
848 2028 981 2114 spiritus
995 2049 1063 2093 esse
1078 2039 1163 2093 tuus.

497 2132 569 2196 Nou
586 2131 682 2197 modo
696 2130 847 2207 crederis,
862 2128 950 2215 quod
965 2130 1103 2216 scripsit,
1118 2151 1220 2210 nosse,
1235 2132 1291 2195 sed
1306 2152 1411 2211 omne,

582 2231 675 2309 Quod
693 2230 807 2308 voluit,
819 2232 921 2317 jactes
935 2229 1092 2316 dogmatis
1107 2254 1173 2295 esse
1189 2232 1253 2305 tui;

495 2333 589 2411 Quod
605 2333 744 2417 scripsit,
760 2354 815 2395 seu
832 2332 920 2417 quod
937 2333 1048 2409 tacuit,
1065 2343 1096 2396 te
1110 2355 1203 2418 posse
1217 2332 1331 2399 docere
1388 2340 1445 2400 rot

581 2432 769 2508 Promittas3
792 2432 908 2496 fulsum
925 2433 1031 2498 dicere
1046 2454 1140 2498 nemo
1154 2448 1251 2500 vetat.

493 2536 577 2601 Nam
593 2544 784 2621 quaeruntur
794 2556 872 2620 opes
886 2548 918 2599 et
932 2549 1057 2601 constat
1071 2536 1173 2623 gioria
1186 2538 1279 2613 falso,

581 2636 811 2723 veridicosque
826 2634 901 2701 facit
918 2638 1022 2703 dicere
1037 2661 1137 2723 pauca
1151 2637 1288 2725 pudor.'’

493 2744 575 2807 Hoec
591 2739 646 2804 ubi
661 2743 820 2825 persuasit
835 2737 904 2805 aliis
919 2762 1007 2802 error
1021 2740 1168 2826 puerilis:

578 2843 627 2907 Ut
637 2842 767 2929 juvenis
782 2840 884 2907 discat
899 2839 1051 2927 piurima,
1068 2864 1169 2928 pauca
1184 2841 1279 2929 legat,
1388 2854 1444 2913 110

491 2944 621 3009 Laudat
637 2943 843 3009 Aristotelem
860 2945 975 3021 solum,
992 2944 1114 3029 spernit
1130 2946 1324 3024 Ciceronem,

576 3048 622 3110 Et
637 3044 794 3131 quicquid
811 3045 915 3110 Latiis
932 3045 1059 3110 Groecia
1073 3058 1166 3133 capta
1181 3047 1282 3125 dedit,

489 3147 648 3232 Coospuit
664 3146 695 3209 in
713 3148 807 3230 leges,
823 3146 944 3213 vilescit
961 3148 1103 3234 physice,
1119 3150 1243 3235 quasvis

575 3245 681 3309 Litera
695 3247 858 3324 sordescit,
875 3248 975 3333 logica
990 3250 1056 3313 sola
1071 3250 1184 3335 placet.

487 3349 559 3413 Nou
576 3359 683 3411 tamen
698 3346 758 3410 ista
772 3346 888 3432 piacet,
904 3364 940 3415 ut
957 3374 1025 3415 eam
1043 3352 1116 3438 quis
1130 3352 1209 3419 scire
1223 3354 1357 3432 laboret,
1381 3362 1440 3422 115

573 3448 607 3512 Si
621 3450 696 3535 quis
710 3448 860 3513 credatur
875 3449 1009 3535 logicus,
1026 3452 1086 3517 hoc
1101 3454 1176 3519 satis
1191 3470 1248 3520 est.

488 3549 631 3616 losanire
645 3564 739 3638 putes
753 3553 863 3638 potius
877 3575 975 3639 quam
992 3553 1220 3641 philosophari,

573 3652 663 3717 Seria
676 3667 750 3720 suut
766 3655 882 3719 etenim
897 3668 1014 3721 cuncta
1029 3657 1162 3722 molesta
1176 3659 1281 3737 nimis,

484 3756 682 3822 Dulcescunt
697 3779 805 3843 nugae,
820 3758 948 3823 vultum
965 3758 1116 3847 sapientis
1132 3762 1314 3841 abhorrent,

568 3860 733 3923 Tormenti
748 3880 850 3945 genus
865 3872 913 3926 est
929 3882 1012 3948 saepe
1027 3861 1136 3927 videre
1152 3864 1280 3930 librum.
1380 3872 1439 3931 120

820 3962 874 4026 De
887 3964 1099 4030 Sertorianis.

481 4061 653 4129 Abiectans
668 4060 799 4125 nimium
816 4074 941 4128 teneros
956 4067 1117 4131 Sertorius
1130 4066 1205 4131 olim

566 4160 750 4249 Discipulos
763 4163 868 4227 fertur
881 4164 926 4227 sic
942 4164 1087 4231 docuisse
1103 4190 1193 4240 suos;

478 4268 601 4331 Doctor
613 4265 696 4329 enim
708 4264 865 4351 juvenum
881 4272 988 4351 pretio
1003 4270 1187 4355 compulsus
1201 4284 1234 4335 et
1249 4294 1312 4335 mre

564 4369 629 4430 Pro
642 4386 758 4450 magno
772 4364 883 4431 docuit
898 4388 1028 4432 munere
1044 4370 1122 4434 scire
1137 4372 1228 4437 nihil.
