3625 5317
423 822 494 873 oar.
511 803 557 884 v.]
781 818 1024 867 unrnnoorcus.
1324 807 1383 867 18⁶

423 970 595 1047 inventori,
611 976 643 1035 et
658 971 764 1056 topica
779 971 889 1037 itidem
905 972 1058 1037 conducit
1078 969 1261 1059 judicanti:
1290 970 1382 1036 facile

426 1088 533 1139 tamen
549 1073 778 1159 adquieverim,
795 1073 937 1158 singulas
958 1078 991 1139 in
1014 1098 1073 1139 suo
1096 1074 1260 1161 proposito
1281 1073 1383 1139 domi·

423 1176 504 1254 nari,
513 1189 545 1241 et
556 1176 763 1240 accessorium
773 1198 839 1241 esse
849 1176 1037 1242 beneficium
1050 1175 1249 1241 cohaerentis.
1274 1176 1383 1259 Quum

423 1276 533 1363 itaque
545 1290 611 1342 tam
622 1276 752 1341 evidens
764 1277 805 1342 sit
817 1277 939 1344 utilitas
949 1278 1153 1365 Topicorum,
1170 1278 1268 1343 miror
1282 1299 1384 1363 quare

422 1400 498 1443 cum
513 1376 617 1443 aliiae
636 1378 811 1464 majoribus
832 1379 957 1445 tamdiu
978 1380 1178 1446 intermissus
1200 1378 1242 1444 sit
1256 1377 1380 1443 Aristo-

423 1480 496 1544 telis
510 1478 600 1561 liber,
615 1491 653 1545 ut
676 1481 815 1557 omnino,
830 1494 887 1546 aut
909 1481 988 1558 fere,
1002 1482 1036 1546 in
1058 1480 1302 1547 desuetudinem
1325 1480 1382 1545 ab·

422 1578 508 1657 ierit,
523 1579 655 1665 quando
669 1592 764 1645 aetate
780 1593 901 1657 nostra,
918 1580 1084 1667 diligentis
1097 1580 1215 1667 ingenii
1236 1578 1384 1667 pulsante

423 1678 545 1756 studio,
561 1678 653 1766 quasi
674 1701 692 1743 a
715 1692 828 1761 morte,
844 1680 894 1745 rel
914 1704 933 1745 a
955 1702 1066 1747 somno
1086 1682 1245 1746 excitatus
1267 1694 1326 1757 est,
1344 1696 1379 1746 ut

424 1794 586 1845 revocaret
601 1796 752 1860 errantes,
766 1794 799 1847 et
815 1783 900 1847 riam
916 1782 1059 1848 veritatis
1072 1782 1293 1869 quarentibus
1307 1805 1381 1867 ape·

425 1880 512 1946 riret.
559 1882 671 1968 Neque
696 1884 779 1949 enim
806 1906 987 1949 sermonum
1011 1898 1068 1949 aut
1091 1906 1197 1951 rerum
1220 1896 1310 1948 tanta
1331 1897 1381 1950 est

427 1981 607 2059 difficultas,
621 1997 657 2050 ut
672 1982 854 2050 astudiosis
866 2007 929 2050 non
945 1986 1045 2070 possit
1055 1984 1204 2071 intelligi,
1215 1997 1248 2051 et
1261 1983 1383 2051 utilitas

427 2094 516 2149 tanta
526 2096 586 2160 eu,
597 2097 634 2150 ut
645 2107 712 2171 prae
723 2086 847 2151 caeteris
858 2083 1007 2171 expediat
1019 2086 1105 2151 bunc
1115 2085 1254 2173 agnosci.
1297 2083 1383 2150 Satin

425 2186 509 2251 enim
523 2190 607 2251 inter
624 2198 750 2263 caetera,
766 2210 841 2273 quae
865 2190 1092 2253 translationis
1114 2187 1291 2253 arctissima
1314 2186 1383 2272 lege

426 2310 445 2353 a
461 2288 583 2353 Graecis
599 2300 700 2353 tracta
714 2302 800 2371 aunt,
815 2288 931 2376 planus
944 2302 1013 2355 est:
1039 2290 1087 2355 ita
1103 2303 1221 2371 tamen,
1235 2303 1272 2355 ut
1287 2289 1382 2355 facile

427 2392 469 2455 sit
482 2390 621 2455 auctoris
636 2390 684 2455 sui
703 2390 823 2477 stylum
846 2412 1028 2477 agnoscere,
1043 2404 1076 2456 et
1098 2395 1139 2457 ab
1160 2390 1201 2455 iis
1221 2391 1382 2457 duntaxat

427 2491 564 2557 fideliter
576 2492 794 2578 intelligatur,
810 2494 868 2577 qui
892 2507 1074 2579 sequuntur
1095 2493 1318 2559 indifferentiae
1333 2516 1382 2557 ra

428 2594 558 2670 tionem,
581 2596 646 2659 sine
672 2616 738 2679 qua
757 2616 850 2658 nemo
870 2615 1014 2680 unquam
1038 2616 1096 2659 nec
1119 2595 1207 2680 apud
1234 2619 1302 2673 nos,
1325 2617 1382 2660 nec

428 2693 516 2779 apud
533 2696 674 2771 Graecos,
691 2696 773 2760 sicut
796 2700 933 2762 Graecus
954 2694 1122 2783 interpres,
1137 2697 1265 2763 natione
1287 2698 1384 2763 Saoc-

427 2799 567 2871 ritanus,
598 2795 703 2862 dicere
732 2808 952 2873 consueverat,
982 2797 1186 2861 Aristotelem
1214 2796 1380 2862 intellexit.

428 2894 513 2961 Sane
523 2896 593 2981 ipso
604 2895 756 2961 librorum
769 2916 914 2972 numero,
922 2895 1015 2982 quasi
1027 2894 1167 2979 quodam
1180 2895 1383 2981 perfectionis

428 2996 582 3082 auspicio,
597 2996 769 3062 utilitatem
785 2995 891 3081 operis
910 2995 1156 3073 commendarit,
1174 3008 1205 3060 et
1226 2995 1381 3075 omnium,

428 3119 504 3183 quae
518 3100 553 3163 in
569 3096 682 3162 multis
696 3094 915 3160 voluminibus
929 3093 1077 3160 dilatavit
1091 3096 1279 3183 antiquitas,
1290 3097 1383 3183 quasi

428 3208 600 3262 sementem
615 3194 714 3261 dedit.
761 3193 895 3281 Singula
910 3195 1009 3260 rerba
1022 3196 1104 3282 ejus,
1120 3206 1184 3261 tam
1200 3196 1233 3260 in
1252 3196 1383 3283 regulis,

426 3320 524 3384 quam
540 3298 573 3363 in
589 3297 755 3384 exemplis,
768 3320 830 3361 non
848 3297 942 3362 modo
956 3296 998 3361 ad
1013 3296 1233 3383 Dialecticam,
1247 3298 1301 3364 sed
1317 3300 1382 3366 fere

427 3399 469 3465 ad
484 3420 593 3465 omnes
607 3398 780 3485 proliciunt
804 3397 997 3486 disciplinas.
1043 3400 1126 3464 Octo
1145 3400 1276 3488 quidem
1293 3400 1383 3466 volu-

428 3502 570 3567 minibus
592 3499 766 3581 clauditur,
790 3500 938 3587 fiuntque
961 3521 1086 3587 semper
1115 3501 1286 3567 novissima
1314 3501 1384 3586 ejus

429 3602 555 3689 potiora
569 3603 747 3690 prioribus.
791 3602 920 3669 Primus
941 3616 1071 3678 autem;
1104 3604 1196 3690 quasi
1221 3605 1384 3670 materiam

429 3705 573 3793 praejacit
588 3706 731 3771 omnium
751 3702 958 3790 reliquorum,
972 3718 1003 3769 et
1026 3705 1126 3770 totius
1142 3704 1275 3790 Logicoe
1294 3726 1383 3792 quoe-

430 3807 504 3873 darn
521 3804 688 3871 constituit
710 3804 939 3871 fundamenta:
971 3804 1065 3871 docet
1079 3805 1164 3870 euim
1184 3807 1262 3892 quid
1286 3809 1384 3895 syllo-

430 3907 563 3993 gismus,
577 3905 658 3993 quid
680 3918 713 3973 et
736 3928 776 3971 ex
800 3905 920 3991 quibus
943 3904 1181 3985 demonstratio,
1201 3927 1275 3995 quoe
1296 3910 1385 3997 prin·

431 4010 517 4097 cipia
529 4010 660 4090 artium,
673 4021 705 4075 et
720 4008 806 4087 fidei,
821 4030 895 4093 qum
917 4008 960 4073 ab
981 4008 1107 4074 artibus
1120 4022 1181 4088 est,
1196 4012 1270 4098 quis
1291 4013 1386 4099 syllo-

430 4111 554 4197 gismus
583 4111 778 4186 dialecticus,
804 4110 877 4194 quis
905 4110 1078 4197 litigiosus,
1103 4111 1183 4197 quid
1207 4113 1384 4199 probabile,

431 4214 521 4300 quod
536 4212 740 4301 paralogista,
756 4212 1010 4298 falsigraphusve
1025 4235 1088 4277 non
1103 4214 1259 4300 sequitur.
1299 4218 1383 4280 ltem

430 4314 511 4400 quid
527 4312 712 4400 propositio,
724 4311 802 4397 quid
818 4310 993 4397 problema.
1032 4310 1075 4376 Et
1090 4311 1243 4398 quoniam
1254 4314 1296 4377 ad
1312 4336 1384 4400 prn-

432 4418 605 4484 blematum
631 4415 866 4491 discussionem,
883 4414 1169 4501 probationemque
1189 4414 1382 4498 positionum
