3625 5317
683 807 758 850 vrri
775 806 893 850 sartori
908 806 1065 850 ausuum.
1285 794 1347 852 ete

396 1057 478 1142 Cap.
496 1065 525 1122 4.
549 1056 719 1121 Auaelmus
740 1059 931 1140 adquirebat
950 1060 1095 1138 gratiam
1118 1059 1285 1132 divinam
1308 1069 1347 1124 ut

435 1161 586 1242 profiteri
596 1157 702 1241 posset
716 1161 834 1223 seruire
848 1159 919 1224 Deo
931 1180 1004 1221 cum
1024 1160 1115 1223 eorda
1128 1181 1215 1242 patro
1228 1168 1259 1224 et
1272 1182 1346 1224 oon·

439 1261 575 1322 scientia
590 1261 681 1324 borao.
725 1259 778 1324 De
796 1261 932 1342 quodam
948 1281 1023 1324 aene
1044 1263 1210 1344 decrepite
1233 1266 1346 1329 etatis.

440 1361 492 1424 De
515 1361 651 1443 quodam
674 1362 797 1440 juvene
823 1363 897 1442 [qui
925 1361 975 1437 ob]
1004 1361 1130 1424 nullm
1155 1365 1346 1428 mnasonem

439 1483 582 1545 numm
606 1483 738 1526 monum
758 1465 884 1528 semotis
902 1463 1048 1526 menbris
1064 1463 1250 1532 admoveret.
1295 1467 1347 1530 De

441 1568 578 1631 Osbemo
593 1568 754 1632 manocho.
800 1566 853 1630 De
872 1565 1008 1648 quodam
1020 1569 1135 1648 fratre
1154 1567 1258 1632 odioso
1274 1589 1346 1632 con-

439 1677 492 1732 tra
508 1669 703 1733 Amelmam.
750 1670 802 1733 Da
816 1671 937 1732 visione
949 1670 1083 1751 Rycalfi
1097 1671 1253 1734 monachi.

439 1873 665 1937 Pansmnuar
693 1876 723 1938 ei
754 1875 920 1958 sapientiae
949 1874 1088 1957 Spiritus
1096 1898 1106 1951 ;
1140 1885 1176 1938 ut
1204 1877 1285 1940 nihil
1314 1879 1345 1939 ei

395 1987 521 2057 saperet
542 1976 605 2039 nisi
624 1978 723 2052 Deus,
740 1975 781 2040 ed
804 1997 898 2061 quoru
922 1975 1030 2038 omnia
1051 1976 1217 2056 referebat,
1232 1991 1345 2057 onum,

394 2097 591 2159 processum,
615 2079 776 2164 finemque
807 2079 956 2142 virtutum
986 2098 1023 2140 ao
1050 2079 1205 2157 uitiorum,
1221 2080 1342 2164 depre-

394 2175 542 2240 hendens
556 2190 589 2240 et
603 2197 770 2262 exponens
790 2179 823 2241 in
847 2176 984 2257 singulis
1005 2187 1038 2238 et
1056 2177 1217 2261 quomodo
1231 2199 1345 2262 appre-

394 2278 494 2342 hendi
529 2282 656 2345 valeant
687 2293 743 2346 aut
775 2281 876 2345 vitari.
932 2279 1156 2361 Apostolicum
1190 2281 1346 2366 implebat

395 2380 507 2457 virum,
533 2393 567 2446 ut
595 2383 657 2446 nisi
686 2405 759 2448 eum
788 2381 977 2448 humilitatis
1005 2383 1131 2446 cautela
1153 2383 1346 2466 reprimeret,

393 2482 534 2566 profiteri
550 2496 661 2568 posset
676 2507 747 2549 cum
772 2487 918 2569 apostolo
935 2483 975 2548 da
996 2483 1092 2547 corde
1111 2505 1192 2565 puro
1214 2497 1246 2549 et
1268 2506 1345 2549 con·

395 2584 529 2649 scientia
543 2588 629 2650 bona
644 2597 677 2652 et
692 2588 755 2652 fide
775 2609 840 2652 uon
861 2588 953 2651 ficta:
1001 2589 1082 2661 Quis
1099 2585 1298 2665 infirmatur,
1314 2595 1344 2650 et

395 2705 451 2766 ago
472 2707 537 2750 non
558 2691 729 2772 infirmor?
776 2689 858 2761 Quia
878 2687 1135 2762 scandalizatur,
1149 2693 1182 2748 et
1202 2707 1259 2767 epo
1279 2709 1347 2750 noa

393 2790 495 2850 teror?
520 2789 555 2868 [2
571 2788 645 2850 Cor.
661 2789 706 2848 xi.
722 2785 791 2865 29]
837 2787 883 2848 Et
903 2785 988 2869 quod
1010 2784 1050 2847 de
1071 2784 1231 2868 discipulo
1250 2809 1344 2870 quam

394 2889 549 2971 diligebat
576 2889 672 2952 Jesus
701 2887 856 2970 scripturn
885 2885 1051 2962 novimus3
1083 2886 1161 2968 quia
1189 2887 1344 2971 quicquid

392 2991 541 3075 loquitur,
559 2989 698 3053 caritatis
712 2989 786 3072 igue
803 3000 987 3072 vaporatur:
1011 2987 1102 3050 itaet
1123 2988 1292 3051 Anselmus
1312 2999 1345 3053 et

391 3095 419 3157 si
446 3092 486 3155 ad
512 3093 703 3177 parilitatem
730 3093 809 3158 tenti
836 3091 971 3176 apostoli
999 3111 1064 3154 non
1095 3101 1249 3172 assurgat,
1274 3092 1344 3176 ejus

392 3207 500 3258 tamen
516 3194 658 3278 diligenti
679 3194 784 3259 studio
805 3193 939 3274 vestigia
957 3193 1098 3256 imitatus
1117 3203 1182 3268 est3
1205 3204 1240 3255 nt
1260 3202 1345 3257 totus

392 3296 461 3382 ejus
482 3317 596 3375 sermo,
618 3307 685 3363 tota
708 3298 781 3375 vita,
803 3295 924 3380 scripta
945 3316 1074 3379 quoque
1096 3295 1205 3359 omnia
1225 3295 1343 3358 divine
1405 3318 1409 3324 ·

392 3397 577 3463 dilectionis
598 3401 672 3482 igne
693 3399 802 3484 quiin
822 3398 869 3461 eis
890 3400 977 3462 lucet
995 3398 1163 3461 videantur
1179 3419 1249 3462 esse
1270 3419 1344 3462 suc·

394 3519 500 3564 censa
547 3500 701 3564 Crederes
719 3521 793 3563 eum
812 3521 877 3562 non
898 3499 960 3562 sibi
982 3497 1085 3562 virere
1107 3497 1163 3561 sed
1184 3499 1265 3574 aliis,
1278 3499 1344 3562 imo

392 3611 481 3664 tento
504 3603 607 3667 verius
630 3602 703 3680 sibi,
726 3611 845 3685 quanto
868 3601 979 3663 utilius
1001 3598 1072 3661 aliis
1094 3612 1127 3660 et
1148 3596 1278 3660 fidelius
1299 3599 1345 3660 vi·

393 3703 486 3767 vebat
507 3704 590 3767 Deo.
636 3703 777 3766 Aliorum
801 3719 929 3786 quoque
951 3698 1128 3782 profectum
1150 3718 1278 3776 curans,
1296 3697 1345 3762 di·

393 3803 498 3866 vinam
513 3805 575 3867 sibi
591 3806 720 3886 gratiam
744 3803 943 3888 adquirebat.
990 3800 1096 3871 Quum
1114 3821 1189 3863 vero
1209 3801 1344 3864 salutem

393 3901 536 3966 omnium
550 3917 753 3984 procuraret;
775 3902 912 3965 infirmis
925 3911 1034 3963 tamen
1048 3909 1142 3964 oetate
1164 3899 1214 3963 vel
1231 3901 1343 3963 morbo

391 4015 424 4069 et
454 4002 627 4088 juvenibus
663 4004 850 4087 ampliorem
887 4001 1087 4084 diligentiam
1126 4000 1343 4084 impendebat.

392 4106 476 4168 Nam
507 4104 609 4188 magis
637 4103 793 4185 indigenti
823 4104 916 4168 citius
946 4101 1093 4177 occurrit,
1119 4115 1152 4166 et
1179 4101 1344 4164 liberalius

391 4207 538 4271 subvenit
574 4205 697 4284 caritas,
735 4215 768 4268 et
802 4206 950 4269 acerbius
983 4203 1118 4288 patienti
1151 4202 1343 4284 competitur

393 4310 506 4391 magis.
551 4307 648 4372 Unde
663 4308 692 4370 ei
709 4327 765 4392 pro
780 4319 854 4371 voto
874 4307 1071 4392 frequentius
1091 4302 1294 4379 succedebat,
1308 4313 1345 4366 ut

391 4411 651 4476 convalescerent
674 4418 873 4491 aegrotantes,
898 4410 1152 4474 confortarentur
1173 4425 1279 4486 seuea,
1299 4404 1342 4468 ed
