3625 5317
428 789 499 837 cnr.
515 773 566 853 11.]
794 788 1034 837 usrrroorcos.
1330 781 1372 839 63

431 952 630 1027 ruptumque
645 938 816 1028 judicium.
862 942 996 1007 Constat
1017 964 1094 1029 ergo
1108 944 1295 1010 exercitatio
1308 946 1379 1031 ejus

429 1040 462 1105 in
479 1042 630 1107 scrutinio
644 1042 800 1118 veritatis,
813 1064 896 1127 quae,
910 1045 994 1107 sicut
1011 1042 1079 1108 Cic.
1094 1044 1125 1108 in
1142 1046 1198 1112 lib.
1213 1046 1253 1109 de
1267 1045 1379 1111 officiis

429 1159 539 1208 auctor
567 1158 629 1220 est,
661 1144 793 1209 materia
821 1154 869 1207 est
899 1142 1030 1210 virtutis
1066 1147 1251 1233 primitivae,
1280 1170 1378 1232 quam

427 1245 628 1330 prudentiam
653 1258 785 1310 vocant:
819 1243 950 1330 reliquis
972 1243 1055 1306 enim
1083 1244 1187 1307 tribus
1214 1241 1380 1325 utilitates,

428 1348 704 1433 necessitatesque,
720 1347 874 1431 subjectae
894 1358 980 1411 sunt.
1023 1346 1201 1410 Prudentia
1216 1369 1291 1410 vero
1311 1360 1380 1411 tota

427 1448 569 1513 consistit
584 1452 615 1512 iu
633 1448 856 1534 perspicientia
869 1448 947 1524 veri,
959 1458 991 1511 et
1001 1448 1140 1532 quadam
1158 1447 1285 1511 solertia
1298 1447 1380 1511 illud

427 1549 649 1614 examinandi:
674 1573 770 1636 porro
785 1548 914 1637 justitia
934 1547 1017 1612 illud
1040 1549 1266 1634 amplectitur:
1290 1550 1381 1615 forti·

427 1650 510 1715 tudo
537 1664 664 1715 tuetur:
697 1650 915 1737 temperantia,
943 1650 1099 1714 virtutum
1130 1650 1382 1734 praecedentium

429 1753 582 1817 exercitia
603 1752 799 1817 moderatur.
844 1752 942 1815 Unde
962 1751 1066 1836 liquet
1085 1750 1301 1837 prudentiam,
1320 1750 1382 1813 vir·

428 1866 538 1919 tutum
570 1852 712 1917 omnium
742 1876 809 1917 esse
834 1852 991 1927 radicem3
1024 1875 1099 1938 quaa
1128 1852 1155 1915 si
1179 1852 1384 1937 praecidatur,

427 1968 565 2036 coeterae,
581 1954 669 2020 velut
693 1956 770 2020 rami
794 1968 919 2019 nature
941 1954 1095 2019 beneficio
1117 1954 1279 2031 destituti,
1301 1977 1384 2019 mar·

428 2062 501 2123 cida
522 2057 662 2145 quadam
686 2057 835 2124 ariditate
857 2069 1061 2124 evanescunt.
1105 2059 1185 2137 Quis
1206 2059 1290 2122 enim
1317 2079 1385 2121 am·

429 2159 587 2245 plectetur
602 2169 660 2224 aut
672 2159 767 2237 colet,
779 2160 866 2246 quod
882 2160 1030 2245 ignorat?
1054 2160 1102 2224 At
1114 2163 1241 2235 veritas,
1254 2158 1385 2223 materia

428 2277 476 2327 est
501 2260 690 2347 prudentiae,
715 2277 748 2328 et
774 2263 931 2329 virtutum
954 2263 1044 2327 sons:
1073 2284 1183 2349 quam,
1206 2262 1264 2347 qui
1291 2261 1383 2348 plene

430 2366 564 2441 noverit,
588 2366 713 2452 sapiens
730 2379 798 2441 est;
822 2370 880 2453 qui
902 2368 1068 2442 amaverit,
1084 2368 1199 2443 bonus,
1214 2380 1247 2431 et
1270 2367 1384 2431 beatus

432 2468 492 2555 qui
526 2468 664 2533 tenuerit
696 2490 776 2532 eam.
834 2468 932 2532 Unde
966 2482 1146 2533 nostrorum
1180 2467 1385 2534 doctissimus

430 2572 612 2645 Poetarum,
630 2570 705 2635 vitae
720 2570 824 2635 beatae
840 2582 1021 2635 monstrans
1036 2568 1203 2655 originem,
1219 2568 1283 2635 ait:

536 2724 613 2779 Felix
625 2728 669 2796 qui
680 2726 765 2797 potuit
775 2743 859 2779 rerum
871 2743 1027 2792 cognoscere
1039 2742 1143 2778 causas:

537 2812 626 2879 Atque
636 2816 722 2863 metus
733 2826 832 2872 omnes,
845 2814 873 2861 et
883 2807 1046 2860 inexorabile
1057 2806 1149 2870 tatum,

537 2896 654 2966 Subjecit
665 2894 785 2966 pedibus,
797 2892 983 2962 strepitumque
995 2891 1154 2943 Acherontis
1165 2894 1248 2944 arari.

434 3047 480 3110 Et
496 3044 577 3111 alius
588 3045 651 3108 fide
663 3059 695 3109 et
708 3042 822 3107 notitia
833 3040 974 3105 veritatis
983 3039 1199 3128 prestantior:
1224 3042 1319 3106 Ferte
1329 3046 1386 3125 qui

432 3150 540 3231 potuit
558 3148 631 3209 boni
641 3148 769 3230 sontem
791 3148 891 3208 visera
912 3146 1073 3208 lucidum:
1094 3145 1187 3227 selir
1207 3148 1265 3228 qui
1279 3149 1387 3228 potuit

429 3252 542 3333 grume
557 3256 654 3313 terrra
667 3250 787 3312 minere
802 3250 952 3312 uinculo:
974 3270 1011 3311 ac
1026 3246 1051 3311 ai
1066 3246 1136 3311 aliis
1150 3247 1255 3313 verbis
1267 3247 1388 3329 dicant,

435 3349 489 3415 sed
506 3349 616 3415 eodem
632 3370 742 3413 sensu:
764 3351 854 3433 setin
874 3352 928 3413 cui
943 3372 1050 3415 rerum
1071 3352 1188 3414 collata
1202 3358 1250 3416 act
1264 3353 1386 3416 intelli·
1417 3431 1420 3437 Ι

432 3454 561 3537 pantio:
586 3449 663 3537 quia
678 3472 744 3535 quo
758 3448 948 3515 familiarius
961 3448 1073 3531 fluida,
1084 3462 1118 3515 et
1132 3450 1174 3514 ad
1189 3463 1385 3516 momentum

434 3550 639 3628 transeuntia,
663 3548 874 3629 innotescunt,
897 3572 936 3613 eo
962 3551 1110 3637 amplius,
1133 3550 1223 3637 apud
1248 3561 1387 3615 mentem

435 3652 484 3717 sui
502 3662 692 3738 compotem,
713 3649 855 3737 peritura
874 3651 1040 3717 vilescunt.
1086 3653 1154 3716 Nec
1169 3652 1252 3736 jugo
1271 3650 1388 3736 premi·

433 3752 676 3833 turrinorum,
703 3774 798 3837 quam
829 3750 870 3814 de
897 3752 1051 3817 servitute
1082 3752 1201 3818 veritas
1226 3751 1260 3815 io
1289 3750 1386 3815 liber·

437 3868 534 3919 tatem
551 3854 708 3929 vendicet,
729 3864 760 3917 et
783 3850 901 3917 educit.
947 3856 1147 3938 Impossibile
1167 3856 1253 3918 enim
1276 3862 1335 3931 eat,
1349 3859 1388 3917 ut

437 3955 564 4037 diligat,
588 3964 619 4020 at
647 3958 729 4019 colat
758 3956 944 4030 cantarem,
971 3959 1116 4040 quisquis
1141 3978 1181 4020 ec
1205 3962 1268 4019 toto
1295 3955 1389 4018 corda

437 4058 568 4137 quaerit,
583 4062 614 4121 et
628 4056 833 4139 amplectitur
849 4058 1023 4121 omanem.
