3625 5317
416 774 551 854 rann]
772 792 1014 838 nnnnuoorcns.
1307 778 1368 839 133

415 941 473 1005 sali
489 940 682 1028 syllogisare.
728 946 839 1023 Porro,
853 965 954 1029 quum
969 943 1002 1006 in
1024 943 1110 1008 omni
1125 965 1269 1009 sermone
1283 966 1365 1029 prae·

415 1044 513 1130 cipua
532 1044 574 1110 sit
588 1044 692 1108 virtus
714 1042 863 1125 brevitas,
878 1058 947 1110 turn
970 1047 1003 1109 in
1025 1067 1075 1122 eo,
1090 1045 1148 1131 qui
1167 1043 1209 1109 ad
1229 1044 1365 1110 alterum

415 1157 476 1225 est,
490 1146 648 1211 efficacius
668 1160 831 1231 operatur,
852 1158 1035 1233 acceptatur
1053 1149 1189 1232 gratius,
1202 1160 1235 1212 et
1249 1146 1366 1212 clarius

415 1246 571 1313 enitescit:
598 1269 672 1313 nam
693 1248 725 1311 in
748 1246 932 1333 prolixitate
951 1251 1093 1313 omnium
1116 1250 1219 1334 majus
1239 1247 1366 1333 dispen-

418 1347 518 1415 dium.
575 1348 670 1427 Quod
695 1349 719 1413 si
746 1371 809 1413 non
834 1363 940 1437 potest
964 1349 1128 1415 accelerari
1153 1350 1365 1437 propositum,

415 1451 557 1516 novitate
569 1473 686 1529 rerum,
699 1474 773 1537 quie
784 1464 888 1517 tamen
900 1465 1018 1538 praeter
1028 1473 1094 1515 rem
1102 1473 1172 1516 ‚non
1185 1451 1365 1532 videantur,

416 1552 586 1637 purganda
613 1564 663 1616 est
691 1574 797 1617 mora:
835 1554 999 1641 quoniam,
1025 1565 1062 1618 ut
1088 1553 1134 1618 ait
1164 1552 1364 1631 Aristoteles,

417 1655 563 1738 quisquis
579 1674 673 1717 unam
693 1653 868 1718 orationem
888 1653 993 1718 multo
1013 1667 1156 1739 tempore
1176 1653 1365 1736 interrogat,

415 1752 498 1817 male
515 1752 668 1840 inquirit:
693 1754 810 1820 namsi
831 1754 1042 1841 respondente
1063 1754 1258 1837 interrogato
1276 1754 1366 1839 quod

413 1854 641 1939 interrogatur,
663 1856 767 1941 palam
790 1856 940 1943 quoniam
964 1855 1082 1921 multas
1102 1853 1366 1940 interrogationes

413 1956 600 2043 interrogat,
613 1972 668 2024 aut
679 1959 863 2044 frequenter
874 1956 1010 2023 easdem.
1033 1961 1141 2032 Quare
1151 1972 1208 2024 aut
1218 1969 1365 2040 venatur,

414 2074 470 2124 aut
495 2082 557 2123 non
580 2060 676 2125 babet
700 2060 941 2147 syllogismum:
970 2082 1044 2124 nem
1067 2083 1108 2125 ex
1130 2063 1241 2148 paucis
1261 2060 1365 2125 omnis

414 2160 636 2245 syllogismus:
660 2164 686 2227 si
708 2184 863 2227 veronen
887 2161 1109 2250 respondente,
1128 2166 1280 2250 quoniam
1299 2184 1363 2226 non

412 2264 566 2350 increpat,
588 2266 638 2329 vel
660 2266 787 2330 recedit.
834 2264 1003 2351 Contingit
1022 2279 1130 2330 autem
1150 2264 1364 2351 multiplicare

414 2365 687 2451 interrogationes,
711 2377 748 2430 ut
773 2366 1026 2453 reprehensionis
1050 2366 1147 2431 detur
1171 2366 1304 2443 occasio,
1330 2379 1364 2432 et

414 2467 638 2553 undecumque
648 2470 748 2555 justae
767 2470 990 2555 increpationis
1003 2493 1096 2537 ansas
1110 2468 1232 2535 eliciat:
1256 2482 1288 2533 et
1304 2470 1365 2533 hoc

415 2569 605 2657 plerumque
631 2570 800 2648 laudabile,
824 2571 987 2637 interdum
1012 2595 1087 2637 vero
1109 2570 1254 2637 deiectus
1283 2570 1365 2635 indi·

415 2670 500 2735 cium
516 2684 582 2737 eat:
605 2696 643 2737 eo
657 2673 745 2758 quod
761 2696 822 2738 non
838 2686 886 2738 est
900 2674 1101 2761 pmpositum
1114 2685 1248 2753 certum,
1263 2672 1365 2737 antei
1478 2680 1480 2683 ’

416 2772 468 2836 via
494 2796 556 2839 non
582 2788 671 2861 patet
700 2774 740 2839 ad
770 2796 964 2861 processum,
990 2774 1048 2859 qui
1076 2772 1201 2836 easdem
1230 2773 1364 2858 replicat

415 2874 546 2954 orbitas,
561 2890 593 2942 et
609 2899 702 2941 aures
721 2874 846 2941 easdem
862 2875 1006 2952 circinat,
1020 2888 1053 2938 et
1068 2884 1215 2936 movetur
1231 2872 1365 2958 jugiter,

415 2998 473 3039 nec
492 2990 708 3061 promovetur.
759 2973 973 3041 Hescbelinus
993 2972 1094 3051 faber,
1112 2970 1193 3036 sicut
1214 2973 1365 3057 magister

417 3075 603 3139 Willelmua
623 3073 791 3151 referebat,
810 3073 935 3139 illorum
949 3095 1067 3137 morem
1088 3071 1293 3158 sequebatur,
1307 3074 1365 3158 qui

417 3177 496 3241 nihil
517 3179 550 3241 in
571 3174 842 3261 disputationibus
861 3188 985 3239 certum
1006 3186 1175 3262 appetunt,
1190 3186 1222 3239 et
1237 3174 1282 3238 sic
1297 3196 1361 3239 rem

416 3280 574 3361 fabrilem,
589 3280 670 3344 sicut
693 3278 725 3342 hi
748 3278 924 3365 expediunt
947 3278 1166 3358 Dialecticam,
1185 3279 1363 3346 exercebat.

416 3382 666 3449 Praestolabatur
687 3381 770 3446 enim
786 3404 847 3445 non
868 3381 910 3445 ab
931 3395 1010 3460 arte,
1025 3381 1079 3445 sed
1101 3380 1241 3457 fortuna,
1256 3382 1363 3469 operia

416 3484 521 3551 linem.
552 3488 640 3549 Dum
655 3487 737 3549 enim
753 3496 874 3548 coctam
885 3506 1021 3549 massam
1032 3482 1173 3547 volveret
1186 3484 1221 3547 in
1235 3482 1363 3561 incude,

415 3608 549 3671 eamque
570 3585 721 3651 formaret
744 3585 784 3649 ad
806 3585 907 3649 ictum
928 3584 1048 3650 mallei:
1079 3584 1106 3647 si
1127 3582 1210 3647 forte
1231 3583 1364 3648 interro-

415 3701 545 3773 garetur
570 3687 650 3775 qnid
675 3687 777 3765 fieret,
801 3709 862 3751 non
889 3699 1010 3751 certum
1037 3684 1118 3771 quid
1141 3683 1363 3770 respondebat,

417 3790 471 3854 sed
491 3788 594 3855 multa
613 3788 809 3875 disjunctim,
824 3801 904 3875 puta
926 3792 1077 3868 cultrum,
1092 3798 1149 3851 aut
1167 3786 1291 3865 falcem,
1306 3803 1363 3853 aut

417 3914 585 3971 vomerem,
610 3904 667 3955 aut
688 3890 774 3957 aliud
797 3890 838 3955 ad
862 3890 950 3976 quod
972 3888 1136 3954 materiam
1158 3911 1249 3954 casus
1271 3888 1364 3954 indu-

416 4006 520 4057 ceret:
551 4014 613 4055 non
643 3992 724 4055 enim
757 3991 843 4078 quod
870 3992 1007 4067 volebat,
1031 3990 1087 4055 aed
1114 3990 1200 4077 quod
1226 4001 1363 4076 poterat,

417 4093 664 4180 producebatur.
715 4091 805 4157 Nihil
833 4106 941 4157 autem
970 4092 1076 4157 minus
1103 4089 1243 4177 peritum
1272 4087 1363 4152 decet

416 4196 580 4273 artificem,
597 4218 693 4280 quam
712 4195 801 4282 aequi
816 4216 936 4273 casum,
950 4216 1013 4259 non
1033 4192 1202 4257 arbitrium
1218 4187 1362 4251 rationis:

416 4297 549 4383 proinde
578 4299 736 4363 rationum
762 4298 986 4383 undecunque,
1011 4296 1052 4360 ad
1083 4290 1285 4359 statuendum
1312 4290 1362 4353 rel

416 4398 653 4467 destituendum
677 4400 876 4484 positionem,
897 4396 1114 4484 conquirenda
1135 4406 1183 4457 est
1204 4387 1305 4475 copia,
1327 4404 1364 4456 ut
