3625 5317
470 791 533 852 880
732 795 868 846 scaurus
883 797 1158 847 numentanus

470 953 689 1018 wallensibus
717 951 968 1034 triumphasset3
996 949 1167 1032 exquisitis
1195 950 1421 1014 occasionibus

472 1057 577 1139 sopita
605 1073 678 1117 cum
706 1051 949 1133 archiepiscopo
978 1049 1078 1132 coepit
1100 1048 1209 1131 jurgia
1233 1050 1419 1114 instaurare

472 1159 558 1220 Nam
579 1156 613 1216 in
631 1151 889 1216 successionibus
908 1150 1096 1213 insolentior
1114 1158 1182 1212 erat
1200 1162 1233 1214 et
1250 1151 1315 1214 scre
1337 1151 1423 1213 into·

470 1254 620 1320 lerabilis.
665 1252 764 1316 Redit
777 1251 961 1327 Anselmus,
976 1261 1009 1312 ct
1021 1249 1134 1312 iterato
1152 1247 1249 1314 eundi
1263 1249 1306 1311 ad
1320 1249 1422 1312 domi·

472 1377 549 1420 num
570 1375 688 1438 papam
710 1352 872 1417 licentiam
898 1351 988 1432 petie
1039 1349 1139 1413 Jubet
1162 1369 1231 1424 rex,
1251 1357 1288 1411 ut
1313 1361 1423 1431 empto

473 1457 650 1532 desisteret,
663 1473 763 1537 quum
778 1453 874 1535 bujus
888 1451 1010 1514 itineris
1024 1450 1181 1513 antoniis
1198 1458 1254 1514 aut
1267 1471 1369 1514 vacua
1383 1452 1426 1514 sit

472 1579 580 1622 causa
624 1557 679 1620 air
696 1557 784 1620 enim
803 1551 1007 1636 prudentiam
1028 1552 1170 1616 Anselmi
1193 1571 1259 1614 non
1278 1551 1421 1634 indigere

473 1659 621 1734 consilio,
634 1677 696 1720 nec
710 1655 912 1718 absolutione
927 1654 1107 1738 puritatem.

517 1760 708 1822 Revertente
739 1755 984 1839 archiepiscopo
1016 1753 1057 1818 ad
1093 1753 1200 1815 sillam
1238 1774 1339 1830 suam,
1370 1757 1424 1818 cui

474 1859 579 1922 Herse
592 1877 710 1920 nomen
725 1867 783 1932 est,
799 1855 903 1936 lepus,
919 1875 1013 1937 quern
1036 1874 1134 1916 canes
1154 1853 1330 1933 agitabant,
1343 1856 1425 1918 infra

474 1954 576 2039 pedes
604 1954 680 2037 equi
709 1953 762 2016 cui
793 1952 856 2014 Dei
885 1951 1023 2014 famulus
1051 1949 1212 2012 insidebat
1239 1952 1425 2034 presidium

477 2053 632 2139 quaesivit.
684 2049 835 2114 Substitit
852 2061 960 2132 pater3
980 2051 1198 2136 instantesque
1219 2072 1318 2114 canes
1335 2073 1428 2116 acce·

475 2152 551 2217 dere
579 2151 711 2236 propius
739 2171 806 2213 non
835 2148 1008 2212 audebant
1061 2149 1220 2212 Mirantur
1247 2169 1359 2214 omnes
1392 2163 1427 2216 et

476 2265 624 2336 stupent3
646 2251 767 2314 rirDei
778 2251 924 2316 bestiolae
934 2249 1125 2332 compatitur
1135 2249 1267 2328 infelici,
1282 2273 1428 2316 assereus

476 2352 529 2434 agi
551 2352 638 2414 circs
658 2350 796 2413 animam
820 2350 1001 2431 peccatoris
1022 2347 1064 2411 de
1085 2369 1218 2432 corpure
1244 2363 1425 2415 exeuntem.

477 2447 605 2516 Deinde
619 2447 705 2512 edita
719 2469 798 2510 voce
816 2449 958 2529 leporem
979 2449 1134 2532 praecepit
1152 2450 1251 2525 abire,
1269 2462 1302 2513 et
1318 2461 1428 2514 aucto·

476 2551 569 2616 ritate
583 2547 683 2612 solius
700 2548 786 2611 verbi
802 2569 899 2612 canes
913 2550 1083 2614 continent.
1129 2550 1201 2614 Alia
1214 2552 1283 2614 vice
1297 2551 1428 2616 aviculae

476 2649 591 2736 pedem
613 2649 669 2712 filo
690 2648 838 2712 innixum
865 2647 981 2712 ridens
1003 2661 1035 2713 et
1056 2670 1155 2732 puero
1176 2660 1306 2715 tenente
1328 2650 1429 2730 filum,

478 2771 563 2816 nunc
586 2771 676 2814 arem
699 2749 816 2813 retrahi
835 2770 923 2812 nunc
945 2749 1079 2826 dimitti3
1104 2752 1227 2834 optarit
1250 2763 1284 2814 ut
1303 2754 1429 2817 avicula

477 2862 571 2936 nrpto
596 2850 651 2914 filo
676 2851 874 2914 liberaretur.
920 2850 1092 2932 impletum
1115 2861 1164 2915 est
1189 2851 1277 2914 illico
1301 2852 1425 2916 deside·

479 2954 571 3030 rium,
592 2959 625 3016 et
645 2972 725 3035 puer
745 2971 836 3014 arem
860 2950 986 3012 evolare
1010 2949 1111 3012 flevit.
1154 2952 1288 3014 Exultat
1313 2953 1428 3016 Ansel-

478 3073 561 3128 mus,
576 3051 707 3115 acicula)
721 3048 947 3130 congaudens3
969 3048 1088 3132 adjecit
1106 3050 1153 3112 sic
1173 3051 1250 3112 flere
1264 3049 1428 3114 diabolum

479 3151 691 3216 evadentibus
705 3150 756 3212 bis
771 3171 853 3232 quos
867 3151 983 3232 laqueo
998 3150 1122 3230 peceati
1138 3151 1269 3214 tenebat
1284 3152 1429 3214 innexos

480 3254 564 3314 Nam
587 3251 651 3311 sere
667 3249 784 3323 omnia,
800 3270 873 3331 ques
892 3249 1045 3324 babebat,
1060 3248 1212 3314 audiebat
1226 3251 1277 3314 rcl
1292 3250 1431 3329 videbat,

478 3359 660 3412 convertere
675 3347 799 3410 solebat
813 3347 855 3410 ad
871 3349 1127 3413 informationem
1144 3352 1228 3414 sitm·

521 3451 550 3512 A
570 3467 644 3530 rege
665 3445 772 3510 denuo
791 3459 959 3511 revocatus
975 3452 1144 3516 anselmus
1164 3463 1197 3515 et
1215 3452 1432 3518 intersistere

479 3549 612 3634 petitam
626 3544 791 3610 licentiam
806 3546 897 3608 tertio
912 3549 1039 3629 repetit.
1083 3550 1245 3614 Turbatur
1262 3571 1331 3628 rex,
1345 3563 1378 3616 et
1398 3574 1433 3614 se

479 3649 576 3712 nimis
594 3646 704 3709 vexari
726 3646 948 3728 conqueritur3
964 3645 1085 3728 jubens
1110 3647 1144 3710 in
1167 3649 1271 3712 surore
1292 3670 1351 3714 suo
1374 3671 1432 3733 per

478 3745 701 3821 internuntios,
724 3754 759 3807 ut
779 3743 992 3808 incontinenti
1013 3765 1145 3826 regnum
1167 3760 1262 3811 exeat
1283 3749 1352 3812 sine
1374 3771 1432 3832 spe

478 3841 646 3918 redeundi,
661 3853 716 3904 aut
738 3853 845 3924 coepto
869 3843 1027 3908 desistens
1042 3845 1252 3932 jurejurando
1267 3850 1432 3930 promittat

480 3968 514 4012 se
534 3962 698 4028 nunquam
719 3943 850 4006 beatum
869 3943 1000 4006 Petrum
1022 3947 1071 4010 rel
1092 3947 1202 4011 sedem
1223 3950 1432 4030 apostolicam

470 4068 536 4132 ,pro
565 4045 696 4126 negotio
725 4044 870 4127 quolibet
907 4047 1150 4127 appellaturum.
1205 4049 1251 4112 Et
1285 4050 1435 4132 subjecit,

479 4143 566 4232 quod
589 4145 615 4208 si
637 4162 798 4206 remanere
818 4142 922 4216 vellet,
938 4143 1100 4226 judicium
1119 4149 1217 4212 curioe
1240 4161 1436 4236 sequeretur,

479 4245 566 4334 quod
590 4266 609 4308 a
630 4264 704 4324 rege
726 4241 861 4324 petierat
882 4243 915 4304 in
939 4265 1004 4328 quo
1031 4267 1096 4310 nou
1123 4249 1227 4312 suerat
1249 4271 1434 4334 persevera·

479 4360 575 4416 rurus.
633 4341 687 4404 Ad
712 4341 781 4403 haec
809 4341 994 4410 Anselmus:
1036 4348 1236 4414 “Dominus
1261 4361 1322 4427 est,
1348 4351 1435 4434 quod
