3625 5317
410 806 481 853 osv.
497 788 568 868 xm]
765 804 1008 854 nnrmnorcus.
1300 794 1357 855 111

409 956 519 1022 nullus
532 978 599 1023 cass
614 960 782 1023 mentitum
798 957 944 1043 ambigit,
958 971 1015 1023 aut
1030 972 1199 1045 nugatum.
1244 963 1359 1047 ltaque

409 1060 472 1137 hic,
487 1060 568 1126 sicut
582 1074 614 1125 et
629 1060 717 1143 alibi,
728 1074 883 1126 executus
897 1074 958 1141 est,
968 1063 1056 1150 quod
1071 1063 1162 1129 docet
1180 1064 1358 1130 liberalium

407 1162 525 1227 artium
549 1177 790 1252 praeceptorem,
810 1187 920 1251 agens,
942 1178 980 1231 ut
1005 1165 1070 1231 dici
1094 1171 1187 1247 solet,
1210 1168 1360 1233 Minerva

407 1263 580 1349 pinguiori,
612 1279 648 1332 ut
679 1266 926 1353 intelligeretur:
962 1290 1019 1332 nec
1047 1268 1080 1333 in
1114 1271 1297 1355 generibus,
1326 1283 1358 1337 et

407 1366 581 1449 speciebus,
596 1368 677 1433 hano
702 1367 814 1434 statuit
834 1369 1068 1447 difficultatem,
1082 1393 1179 1457 quam
1202 1371 1263 1460 ipsi
1284 1371 1360 1436 doc·

406 1478 490 1531 tores
525 1481 691 1556 nequeunt
725 1469 912 1554 intelligere,
941 1470 1061 1536 nedum
1096 1472 1253 1539 sufficiunt
1289 1473 1359 1537 aliis

404 1569 586 1655 explanare.
631 1574 684 1637 Ex
700 1572 759 1637 hac
777 1572 935 1636 Minerva:
949 1573 1156 1658 pinguedine,
1171 1573 1294 1639 dictum
1309 1587 1358 1639 est

403 1666 486 1734 illud
502 1671 535 1733 in
557 1671 705 1757 Topicis:
731 1671 920 1737 differentiae
941 1695 1062 1750 omnes,
1078 1686 1135 1739 sut
1158 1675 1288 1761 species,
1301 1688 1359 1741 aut

404 1770 573 1837 individua
587 1786 697 1837 erunt:
715 1773 871 1860 siqnidem
888 1787 963 1839 sunt
976 1774 1139 1840 animalia:
1155 1798 1229 1840 nam
1244 1799 1360 1842 unum·

404 1873 561 1960 quodque
575 1873 769 1951 animalium,
786 1888 843 1939 ant
860 1874 981 1961 species
994 1889 1054 1953 est,
1070 1889 1127 1941 aut
1142 1875 1358 1944 individuum.

404 1972 560 2039 Similiter
581 1986 613 2039 et
635 1973 716 2039 illud
741 1975 886 2041 Boethii:
918 1978 1031 2041 Omnis
1051 1980 1169 2061 speeies
1188 1985 1236 2043 est
1261 1999 1359 2043 suum

353 2102 357 2111 ·
401 2095 518 2157 genua.
579 2079 665 2141 Nam
694 2076 921 2141 omnishomo
957 2074 1083 2158 animal,
1112 2078 1215 2142 omnis
1243 2077 1359 2144 albedo

405 2180 502 2243 color.
548 2178 635 2257 Quid
650 2202 728 2265 ergo
745 2179 909 2267 probibet,
920 2183 1019 2266 juxta
1033 2180 1114 2245 hanc
1129 2180 1266 2247 licentia:
1280 2182 1358 2247 rati-

405 2301 511 2359 onem,
526 2303 563 2347 ea
577 2304 650 2369 quae
674 2294 748 2347 sunt
773 2281 943 2362 sensibilia,
958 2280 1008 2346 vel
1029 2282 1197 2370 praedicari
1211 2282 1261 2348 vel
1283 2284 1359 2350 sub-

402 2384 487 2469 jici?
524 2389 593 2451 Nec
607 2386 720 2473 opinor
734 2376 879 2451 auctores
902 2385 983 2449 banc
999 2386 1063 2449 vim
1084 2385 1282 2473 imposuisse
1294 2409 1359 2452 ser·

407 2487 503 2568 moni,
519 2501 556 2552 ut
570 2487 721 2573 alligatus
736 2487 776 2551 sit
790 2488 830 2552 ad
847 2509 956 2564 unam,
970 2486 1002 2551 in
1020 2488 1184 2573 juncturis
1196 2487 1356 2569 omnibus,

408 2588 680 2674 significationem,
696 2590 750 2655 sed
772 2590 992 2655 doctrinaliter
1012 2590 1056 2654 sic
1075 2613 1143 2655 esse
1162 2589 1297 2668 locutos,
1318 2604 1356 2657 ut

406 2690 527 2778 ubique
549 2690 685 2757 serviant
708 2691 897 2768 intellectui,
920 2692 978 2778 qui
1002 2691 1357 2773 commodissimum,

404 2805 437 2857 et
462 2815 558 2880 quem
583 2792 628 2858 ibi
655 2793 764 2857 baberi
787 2815 853 2879 prae
878 2791 1002 2857 caeteris
1023 2792 1105 2857 ratio
1126 2792 1237 2875 exigit.
1283 2797 1371 2858 Hoc'

404 2896 509 2982 ipsum
538 2918 616 2981 ergo
645 2895 734 2981 quod
763 2892 882 2960 dicitur
911 2894 1089 2980 praedicsri,
1113 2894 1156 2957 ab
1184 2892 1357 2979 sdJunctis,

403 2997 512 3085 plures
537 2996 737 3083 significandi
758 2993 917 3061 contrahit
940 2994 1061 3059 modos.
1105 2993 1229 3060 Poterit
1251 3007 1357 3060 tamen

402 3101 487 3165 forte
503 3098 624 3183 ubique
635 3097 775 3184 aliquam
791 3094 1028 3183 quodammodo
1042 3094 1292 3162 convenientiam
1305 3098 1356 3163 vel

403 3201 625 3267 inhaerentiam
641 3200 819 3286 designare.

448 3304 532 3369 Nam
546 3326 645 3392 quum
659 3325 762 3369 sermo
777 3303 818 3368 de
833 3325 975 3369 sermone
985 3303 1240 3391 jungibilitatem
1253 3328 1355 3393 quan·

402 3406 475 3473 darn
492 3406 701 3472 terminorum
716 3428 800 3471 verae
815 3406 1035 3473 affirmationis
1055 3407 1172 3488 innuit,
1187 3428 1289 3493 quum
1312 3407 1355 3473 de

404 3532 439 3575 re
476 3532 578 3575 sermo
613 3510 733 3577 dicitur
768 3509 948 3598 praedicari,
978 3510 1170 3590 ostenditur,
1199 3508 1287 3597 quod
1324 3508 1354 3574 ei

406 3611 479 3677 talis
503 3611 699 3699 nuncupatio
724 3624 864 3698 aptatur.
909 3614 990 3676 Rem
1014 3633 1090 3675 vero
1114 3610 1156 3674 de
1177 3633 1213 3675 re
1237 3610 1355 3697 proedi·

405 3718 472 3781 cari
501 3713 663 3781 interdum
688 3726 790 3791 notat,
815 3713 967 3802 quonism
993 3714 1053 3778 boc
1078 3725 1128 3778 est
1154 3713 1234 3779 hoc:
1273 3724 1357 3799 puta

405 3818 501 3883 Pluto
517 3818 626 3883 bomo:
648 3815 809 3881 interdum
831 3815 982 3902 quoniam
1006 3812 1067 3879 boo
1088 3815 1260 3902 participat
1281 3816 1354 3894 hoe,

405 3929 518 4006 utpote
533 3918 712 4004 subjectum
732 3917 903 3983 accidente.
948 3917 1018 3981 Nec
1031 3916 1185 3983 erubesco
1198 3918 1355 3996 confiteri,

405 4019 493 4107 quod
522 4043 572 4085 res
604 4020 646 4085 de
673 4042 708 4085 re
737 4018 932 4106 praedicetur
967 4019 1000 4085 in
1037 4019 1264 4106 propositione,
1294 4022 1355 4087 etsi

402 4122 499 4187 resin
516 4121 732 4208 propositione
746 4143 808 4185 non
825 4120 885 4187 sit:
916 4142 1016 4208 quum
1032 4118 1093 4185 boc
1107 4120 1140 4186 in
1155 4133 1261 4186 mente
1276 4120 1355 4184 mibi

403 4238 558 4304 versetur,
588 4224 677 4313 quod
706 4245 756 4289 res
784 4223 981 4310 significetur
1009 4223 1184 4312 praedicato
1218 4221 1356 4288 termino

403 4349 488 4393 verae
502 4324 729 4408 affirmationis,
743 4328 837 4414 cujus
852 4325 995 4410 subjecto
1010 4326 1118 4411 alique
1131 4323 1172 4389 de
1185 4347 1221 4387 re
1234 4323 1355 4408 agitur,

402 4443 525 4495 autres
538 4430 645 4516 aliqua
659 4428 865 4515 significatur.
914 4430 1033 4512 ltaque
1047 4447 1109 4489 non
1119 4423 1354 4491 adversandum
