3625 5317
473 750 535 811 lso
729 760 865 809 rosanus
881 760 1158 808 saasssnrususrs
1277 744 1360 824 [nra.
1375 764 1417 809 ιν.

469 913 682 1001 implendum:
699 915 744 979 sit
754 914 850 991 enim,
862 934 924 977 uon
933 927 981 978 est
989 924 1115 976 mutata
1125 910 1216 988 fides,
1226 914 1287 977 etsi
1299 913 1419 977 variata

469 1016 533 1080 sint
556 1029 708 1101 tempora.
751 1018 798 1079 Et
820 1037 889 1091 nos,
909 1026 942 1079 et
963 1012 1021 1090 illi,
1042 1012 1174 1075 eandem
1197 1011 1417 1097 amplectimur

470 1117 648 1195 veritatem,
663 1116 717 1180 sed
733 1115 803 1179 aliis
817 1129 850 1181 et
865 1115 938 1180 aliis
951 1114 1149 1179 sermonibus
1162 1114 1383 1200 praedicamus.

470 1286 551 1370 Cap.
566 1286 618 1349 33.
644 1288 734 1361 Quid
746 1292 790 1350 sit
804 1288 929 1352 rationi
941 1290 1154 1361 eontrarium,
1170 1293 1201 1350 et
1214 1287 1300 1369 quod
1311 1286 1420 1349 multis

539 1389 640 1451 modis
653 1390 773 1455 dieitur
786 1394 870 1454 ratio
882 1416 894 1464 ‚·
917 1398 950 1454 et
963 1410 1034 1472 que
1050 1392 1190 1452 rationes
1205 1387 1356 1452 amma?

515 1524 659 1588 Narona
682 1545 758 1587 vero
785 1522 952 1607 Angeliea,
976 1545 1054 1608 quae
1082 1522 1179 1587 noxio
1203 1544 1335 1608 oorpore
1359 1543 1419 1586 non

470 1624 628 1701 tardatur,
657 1639 691 1690 et
726 1625 844 1689 divinae
881 1622 1015 1709 puritati
1049 1624 1237 1689 familiarius
1273 1622 1419 1703 inhaeret,

468 1726 601 1792 rationis
628 1728 822 1812 innorruptae
851 1728 938 1810 viget
965 1726 1121 1790 acumine.
1177 1726 1224 1790 Et
1252 1724 1326 1789 lieet
1356 1746 1418 1788 non

468 1828 636 1913 aequaliter
661 1829 732 1891 Deo
757 1842 872 1892 cuncta
901 1826 1073 1905 examinet,
1097 1849 1136 1889 es
1160 1835 1265 1891 tamen
1292 1826 1423 1891 rationis

469 1917 845 2015 praerogativa'ditatur‚
872 1936 907 1995 ut
936 1927 1026 1991 nullo
1051 1927 1277 2014 supplantetur
1303 1948 1419 1991 errore.

469 2032 518 2094 At
533 2029 672 2093 humana
682 2029 861 2109 infirmitas,
872 2052 947 2116 quae
961 2042 1027 2093 tam
1038 2049 1080 2093 ex
1090 2028 1271 2094 oonditiooe
1284 2042 1420 2107 naturas,

470 2152 565 2216 quam
581 2131 695 2195 merito
713 2131 829 2218 culpae,
848 2131 961 2197 multis
980 2145 1069 2217 patet
1090 2130 1261 2207 erroribus,
1275 2134 1374 2195 immo
1387 2143 1421 2195 et

467 2245 564 2319 capta
584 2231 704 2298 labitur
718 2236 855 2321 aprima
870 2247 902 2299 et
917 2234 1056 2299 secunda
1075 2232 1227 2319 puritate,
1249 2231 1420 2318 degenerat

467 2333 501 2397 io
513 2335 744 2399 examinatione
755 2358 873 2415 rerum,
884 2335 918 2400 id
929 2349 989 2415 est,
999 2335 1033 2399 in
1043 2334 1196 2399 exercitio
1207 2336 1347 2397 rationis.
1372 2334 1419 2397 Et

466 2436 547 2521 quia
560 2436 793 2502 incertitudinis
814 2436 936 2502 lubrioo
951 2437 1087 2509 vacillat.
1103 2435 1315 2522 apprehendit
1330 2434 1418 2521 quod

467 2546 584 2620 potest,
597 2549 630 2600 et
652 2558 737 2601 nuno
756 2560 796 2601 ex
816 2536 882 2601 fida
904 2559 1011 2601 rerum
1034 2534 1241 2601 similitudine
1256 2558 1348 2600 veras
1363 2558 1418 2599 ex·

468 2649 553 2701 ercet
563 2636 737 2722 opiniones,
749 2660 835 2702 nuno
850 2638 985 2725 decepta
995 2638 1084 2703 vanis
1098 2635 1303 2723 imaginibus,
1314 2637 1418 2702 falsas.

469 2736 505 2800 Si
520 2738 603 2802 enim
618 2760 670 2803 res
689 2752 726 2804 ut
746 2762 779 2803 se
799 2740 897 2805 hahet
916 2739 1209 2826 comprehenditur,
1223 2760 1298 2803 vera
1311 2740 1419 2825 opinio

466 2852 533 2903 est:
563 2854 596 2905 et
622 2842 648 2905 si
673 2840 719 2906 sio
743 2842 841 2907 verbo
863 2841 1048 2929 exponitur,
1074 2853 1123 2905 est
1150 2862 1225 2905 vera
1253 2839 1414 2927 loquutio:

466 2940 554 3005 unde
575 2943 738 3009 nonnullis
760 2942 1033 3030 philosophorum,
1055 2941 1263 3027 probabiliter
1284 2940 1416 3026 placuit,

467 3043 645 3121 veritatem,
661 3044 747 3109 unde
761 3042 870 3132 opinio
885 3044 1103 3120 veredicum,
1118 3056 1177 3109 sut
1195 3066 1298 3109 sermo
1313 3064 1417 3120 verus,
1510 3080 1514 3086 »

464 3146 557 3229 quasi
584 3144 743 3231 quendam
769 3146 911 3213 medium
937 3146 1085 3213 habitum
1108 3168 1178 3211 esse
1202 3168 1321 3220 rerum,
1344 3168 1419 3230 quse

465 3246 689 3309 examinantur
710 3247 906 3313 extrinsecus
928 3247 969 3312 ad
991 3248 1157 3312 rationem.
1205 3246 1240 3310 Si
1260 3246 1344 3311 enim
1371 3247 1417 3310 eis

466 3342 604 3408 fideliter
618 3344 651 3407 in
667 3344 877 3409 examinando
891 3346 1053 3427 innititur,
1062 3360 1151 3412 oerta
1164 3357 1224 3423 est,
1236 3368 1294 3409 nee
1306 3345 1417 3431 aliquo

465 3443 594 3510 vacillat
613 3466 729 3510 errore.
776 3446 892 3532 ltaque
915 3446 1045 3525 locutio,
1066 3470 1139 3535 quae
1154 3469 1231 3512 vers
1252 3446 1382 3523 dicitur,
1396 3470 1418 3511 a

465 3544 561 3609 modo
575 3568 670 3633 quem
686 3546 801 3625 innuit,
817 3548 952 3614 modalis
973 3549 1164 3637 appellatur.
1211 3552 1294 3614 ltem
1308 3547 1418 3634 opinio

464 3666 552 3726 vers,
571 3669 591 3711 a
611 3650 707 3715 modo
728 3649 944 3737 percipiendir
967 3664 1000 3715 et
1022 3649 1104 3715 ratio
1125 3671 1201 3713 vers
1221 3672 1241 3713 a
1262 3649 1417 3735 qualitate

464 3747 620 3812 examinis
639 3750 698 3815 sui.
743 3754 809 3817 Res
830 3774 960 3837 quoque
980 3749 1127 3835 singulte,
1142 3772 1226 3815 rerae
1243 3749 1413 3814 dicuntur:

464 3861 503 3910 ut
532 3846 628 3911 homo
656 3870 762 3927 verus,
792 3872 887 3915 verus
912 3850 1042 3927 oandor,
1066 3850 1146 3914 dum
1171 3852 1205 3915 in
1230 3848 1281 3914 his
1310 3849 1417 3915 taliter

464 3947 687 4034 percipiendis,
712 3950 833 4016 nullius
857 3950 1008 4037 imaginis
1031 3950 1255 4037 phantasmate
1282 3951 1417 4016 choum·

464 4049 611 4114 veniatur
635 4050 754 4135 opinio.
798 4051 896 4116 Fides
925 4065 1031 4119 autem
1060 4051 1264 4117 examinandi
1292 4075 1355 4130 res,
1379 4066 1416 4118 ut

464 4174 549 4219 verae
577 4152 738 4229 dieantur,
766 4152 965 4218 convincitur
998 4158 1189 4240 plerumque
1217 4177 1238 4218 a
1266 4154 1413 4221 duobus:

465 4254 583 4320 scilicet
599 4255 649 4320 vel
664 4280 683 4321 a
696 4254 799 4319 forma
821 4256 1019 4333 substantiae,
1035 4256 1084 4319 vel
1100 4256 1142 4320 ab
1162 4256 1277 4322 effectu
1291 4256 1414 4321 formae.

462 4357 525 4421 Est
545 4358 628 4423 enim
648 4380 743 4423 verus
763 4358 868 4437 homo,
890 4357 943 4422 oui
958 4380 1034 4423 vera
1056 4358 1137 4423 inest
1157 4358 1358 4425 humanitas:
1381 4356 1414 4421 id
