<?xml version="1.0" encoding="UTF-8"?>
<!DOCTYPE html PUBLIC "-//W3C//DTD XHTML 1.0 Transitional//EN"
    "http://www.w3.org/TR/xhtml1/DTD/xhtml1-transitional.dtd">
<html xmlns="http://www.w3.org/1999/xhtml" xml:lang="en" lang="en">
 <head>
  <title>
</title>
<meta http-equiv="Content-Type" content="text/html;charset=utf-8" />
  <meta name='ocr-system' content='tesseract 3.04.00' />
  <meta name='ocr-capabilities' content='ocr_page ocr_carea ocr_par ocr_line ocrx_word'/>
</head>
<body>
  <div class='ocr_page' id='page_1' title='image "./joannissaresber13johngoog_0303.png"; bbox 0 0 3625 5317; ppageno 0'>
   <div class='ocr_carea' id='block_1_1' title="bbox 678 780 1351 856">
    <p class='ocr_par' dir='ltr' id='par_1_1' title="bbox 678 780 1351 856">
     <span class='ocr_line' id='line_1_1' title="bbox 678 780 1351 856; baseline -0.003 0"><span class='ocrx_word' id='word_1_1' title='bbox 678 830 683 839; x_wconf 94' lang='lat'>·</span> <span class='ocrx_word' id='word_1_2' title='bbox 766 795 992 856; x_wconf 79' lang='lat' dir='ltr'>nurnnrrcus.</span> <span class='ocrx_word' id='word_1_3' title='bbox 1288 780 1351 854; x_wconf 70' lang='grc'><strong>*291</strong></span> 
     </span>
    </p>
   </div>
   <div class='ocr_carea' id='block_1_2' title="bbox 402 953 1398 4382">
    <p class='ocr_par' dir='ltr' id='par_1_2' title="bbox 402 953 1398 4382">
     <span class='ocr_line' id='line_1_2' title="bbox 490 953 1353 1047; baseline -0.005 -19"><span class='ocrx_word' id='word_1_4' title='bbox 490 953 620 1028; x_wconf 89' lang='lat' dir='ltr'>Morum</span> <span class='ocrx_word' id='word_1_5' title='bbox 635 964 729 1042; x_wconf 84' lang='lat' dir='ltr'>sama,</span> <span class='ocrx_word' id='word_1_6' title='bbox 745 965 846 1046; x_wconf 82' lang='lat' dir='ltr'>gravis</span> <span class='ocrx_word' id='word_1_7' title='bbox 860 964 956 1042; x_wconf 88' lang='lat' dir='ltr'>actio,</span> <span class='ocrx_word' id='word_1_8' title='bbox 971 981 1075 1027; x_wconf 85' lang='lat' dir='ltr'>sermo</span> <span class='ocrx_word' id='word_1_9' title='bbox 1089 964 1230 1047; x_wconf 83' lang='lat' dir='ltr'>placens.</span> <span class='ocrx_word' id='word_1_10' title='bbox 1270 965 1353 1025; x_wconf 82' lang='grc'><strong>1660</strong></span> 
     </span>
     <span class='ocr_line' id='line_1_3' title="bbox 404 1063 1354 1148; baseline -0.001 -21"><span class='ocrx_word' id='word_1_11' title='bbox 404 1063 477 1136; x_wconf 88' lang='lat' dir='ltr'>Quo</span> <span class='ocrx_word' id='word_1_12' title='bbox 493 1066 595 1146; x_wconf 84' lang='lat' dir='ltr'>magis</span> <span class='ocrx_word' id='word_1_13' title='bbox 607 1065 677 1129; x_wconf 81' lang='lat' dir='ltr'>hmo</span> <span class='ocrx_word' id='word_1_14' title='bbox 691 1065 809 1128; x_wconf 86' lang='lat' dir='ltr'>abeunt</span> <span class='ocrx_word' id='word_1_15' title='bbox 818 1065 851 1126; x_wconf 94' lang='lat' dir='ltr'>in</span> <span class='ocrx_word' id='word_1_16' title='bbox 867 1073 1026 1148; x_wconf 87' lang='lat' dir='ltr'>sumptus,</span> <span class='ocrx_word' id='word_1_17' title='bbox 1042 1075 1075 1128; x_wconf 88' lang='lat' dir='ltr'>et</span> <span class='ocrx_word' id='word_1_18' title='bbox 1085 1083 1177 1145; x_wconf 84' lang='lat' dir='ltr'>muge</span> <span class='ocrx_word' id='word_1_19' title='bbox 1187 1069 1354 1139; x_wconf 86' lang='lat' dir='ltr'>crescunt;</span> 
     </span>
     <span class='ocr_line' id='line_1_4' title="bbox 489 1162 1244 1247; baseline 0 -21"><span class='ocrx_word' id='word_1_20' title='bbox 489 1163 649 1228; x_wconf 79' lang='lat' dir='ltr'><strong>Nummus</strong></span> <span class='ocrx_word' id='word_1_21' title='bbox 663 1164 697 1226; x_wconf 92' lang='lat' dir='ltr'>in</span> <span class='ocrx_word' id='word_1_22' title='bbox 712 1183 888 1247; x_wconf 79' lang='lat' dir='ltr'>expensam</span> <span class='ocrx_word' id='word_1_23' title='bbox 903 1183 969 1227; x_wconf 92' lang='lat' dir='ltr'>non</span> <span class='ocrx_word' id='word_1_24' title='bbox 983 1163 1142 1228; x_wconf 85' lang='lat' dir='ltr'>rediturus</span> <span class='ocrx_word' id='word_1_25' title='bbox 1157 1162 1226 1227; x_wconf 88' lang='lat' dir='ltr'>abit</span> <span class='ocrx_word' id='word_1_26' title='bbox 1234 1186 1244 1240; x_wconf 90' lang='lat'>;</span> 
     </span>
     <span class='ocr_line' id='line_1_5' title="bbox 405 1265 1318 1350; baseline 0 -24"><span class='ocrx_word' id='word_1_27' title='bbox 405 1265 462 1340; x_wconf 91' lang='lat' dir='ltr'>Hi,</span> <span class='ocrx_word' id='word_1_28' title='bbox 478 1287 682 1350; x_wconf 89' lang='lat' dir='ltr'>quocumque</span> <span class='ocrx_word' id='word_1_29' title='bbox 697 1267 795 1343; x_wconf 79' lang='lat' dir='ltr'>voles,</span> <span class='ocrx_word' id='word_1_30' title='bbox 809 1275 960 1349; x_wconf 87' lang='lat' dir='ltr'>poterunt</span> <span class='ocrx_word' id='word_1_31' title='bbox 972 1267 1144 1348; x_wconf 84' lang='lat' dir='ltr'><strong>perducere</strong></span> <span class='ocrx_word' id='word_1_32' title='bbox 1159 1277 1318 1348; x_wconf 87' lang='lat' dir='ltr'>sumptus,</span> 
     </span>
     <span class='ocr_line' id='line_1_6' title="bbox 492 1367 1084 1432; baseline -0.003 0"><span class='ocrx_word' id='word_1_33' title='bbox 492 1369 564 1432; x_wconf 86' lang='lat' dir='ltr'>Usu</span> <span class='ocrx_word' id='word_1_34' title='bbox 578 1389 652 1432; x_wconf 88' lang='lat' dir='ltr'>nam</span> <span class='ocrx_word' id='word_1_35' title='bbox 668 1369 782 1432; x_wconf 86' lang='lat' dir='ltr'>crescit</span> <span class='ocrx_word' id='word_1_36' title='bbox 796 1367 859 1432; x_wconf 87' lang='lat' dir='ltr'>ista</span> <span class='ocrx_word' id='word_1_37' title='bbox 873 1379 1003 1431; x_wconf 85' lang='lat' dir='ltr'>moneta</span> <span class='ocrx_word' id='word_1_38' title='bbox 1016 1388 1084 1432; x_wconf 83' lang='lat' dir='ltr'>suo.</span> 
     </span>
     <span class='ocr_line' id='line_1_7' title="bbox 403 1463 1398 1552; baseline -0.002 -24"><span class='ocrx_word' id='word_1_39' title='bbox 403 1465 492 1550; x_wconf 91' lang='lat' dir='ltr'>Ergo</span> <span class='ocrx_word' id='word_1_40' title='bbox 504 1468 566 1544; x_wconf 84' lang='lat' dir='ltr'>via,</span> <span class='ocrx_word' id='word_1_41' title='bbox 581 1487 785 1552; x_wconf 89' lang='lat' dir='ltr'>quocumque</span> <span class='ocrx_word' id='word_1_42' title='bbox 801 1467 919 1550; x_wconf 87' lang='lat' dir='ltr'>placet,</span> <span class='ocrx_word' id='word_1_43' title='bbox 934 1486 1064 1530; x_wconf 87' lang='lat' dir='ltr'>securus</span> <span class='ocrx_word' id='word_1_44' title='bbox 1077 1463 1192 1539; x_wconf 77' lang='lat' dir='ltr'>abibis,</span> <span class='ocrx_word' id='word_1_45' title='bbox 1270 1468 1353 1527; x_wconf 82' lang='grc'><strong>1666</strong></span> <span class='ocrx_word' id='word_1_46' title='bbox 1394 1532 1398 1540; x_wconf 58' lang='grc'><strong>,</strong></span> 
     </span>
     <span class='ocr_line' id='line_1_8' title="bbox 491 1565 1200 1651; baseline 0 -23"><span class='ocrx_word' id='word_1_47' title='bbox 491 1565 558 1630; x_wconf 85' lang='lat' dir='ltr'>Sed</span> <span class='ocrx_word' id='word_1_48' title='bbox 572 1579 679 1632; x_wconf 87' lang='lat' dir='ltr'>tamen</span> <span class='ocrx_word' id='word_1_49' title='bbox 694 1566 736 1632; x_wconf 89' lang='lat' dir='ltr'>ad</span> <span class='ocrx_word' id='word_1_50' title='bbox 752 1568 887 1651; x_wconf 86' lang='lat' dir='ltr'>patriam</span> <span class='ocrx_word' id='word_1_51' title='bbox 901 1566 1029 1632; x_wconf 88' lang='lat' dir='ltr'>dulcius</span> <span class='ocrx_word' id='word_1_52' title='bbox 1043 1567 1089 1630; x_wconf 85' lang='lat' dir='ltr'>ire</span> <span class='ocrx_word' id='word_1_53' title='bbox 1102 1576 1200 1631; x_wconf 85' lang='lat' dir='ltr'>tuam.</span> 
     </span>
     <span class='ocr_line' id='line_1_9' title="bbox 406 1666 1354 1751; baseline -0.009 -14"><span class='ocrx_word' id='word_1_54' title='bbox 406 1667 497 1737; x_wconf 79' lang='lat' dir='ltr'>Quod</span> <span class='ocrx_word' id='word_1_55' title='bbox 511 1668 635 1734; x_wconf 83' lang='lat' dir='ltr'>Contio</span> <span class='ocrx_word' id='word_1_56' title='bbox 647 1675 750 1751; x_wconf 82' lang='lat' dir='ltr'>caput</span> <span class='ocrx_word' id='word_1_57' title='bbox 765 1671 866 1751; x_wconf 74' lang='lat' dir='ltr'>regni,</span> <span class='ocrx_word' id='word_1_58' title='bbox 883 1678 914 1732; x_wconf 87' lang='grc'>61</span> <span class='ocrx_word' id='word_1_59' title='bbox 929 1671 987 1750; x_wconf 79' lang='lat' dir='ltr'>qai</span> <span class='ocrx_word' id='word_1_60' title='bbox 997 1667 1045 1732; x_wconf 82' lang='lat' dir='ltr'>idi</span> <span class='ocrx_word' id='word_1_61' title='bbox 1053 1668 1198 1745; x_wconf 75' lang='grc'><strong>6666661,</strong></span> <span class='ocrx_word' id='word_1_62' title='bbox 1213 1666 1268 1748; x_wconf 79' lang='lat' dir='ltr'>qni</span> <span class='ocrx_word' id='word_1_63' title='bbox 1282 1683 1354 1728; x_wconf 74' lang='lat' dir='ltr'>nora</span> 
     </span>
     <span class='ocr_line' id='line_1_10' title="bbox 403 1769 1211 1856; baseline 0 -23"><span class='ocrx_word' id='word_1_64' title='bbox 403 1769 597 1834; x_wconf 89' lang='lat' dir='ltr'>Pontificum</span> <span class='ocrx_word' id='word_1_65' title='bbox 612 1789 789 1856; x_wconf 81' lang='lat' dir='ltr'>regumque</span> <span class='ocrx_word' id='word_1_66' title='bbox 804 1791 919 1855; x_wconf 89' lang='lat' dir='ltr'>parens</span> <span class='ocrx_word' id='word_1_67' title='bbox 940 1780 973 1834; x_wconf 86' lang='lat' dir='ltr'>te</span> <span class='ocrx_word' id='word_1_68' title='bbox 989 1770 1106 1835; x_wconf 87' lang='lat' dir='ltr'>Cantia</span> <span class='ocrx_word' id='word_1_69' title='bbox 1120 1769 1211 1848; x_wconf 78' lang='lat' dir='ltr'>fovit,</span> 
     </span>
     <span class='ocr_line' id='line_1_11' title="bbox 489 1869 1271 1956; baseline -0.003 -22"><span class='ocrx_word' id='word_1_70' title='bbox 489 1871 742 1956; x_wconf 90' lang='lat' dir='ltr'>Hospitinmque</span> <span class='ocrx_word' id='word_1_71' title='bbox 757 1872 818 1935; x_wconf 92' lang='lat' dir='ltr'>tibi</span> <span class='ocrx_word' id='word_1_72' title='bbox 833 1880 992 1954; x_wconf 72' lang='lat' dir='ltr'>praeparat</span> <span class='ocrx_word' id='word_1_73' title='bbox 1005 1871 1104 1933; x_wconf 91' lang='lat' dir='ltr'>immo</span> <span class='ocrx_word' id='word_1_74' title='bbox 1119 1869 1271 1946; x_wconf 78' lang='lat' dir='ltr'>domnm&#39;3</span> 
     </span>
     <span class='ocr_line' id='line_1_12' title="bbox 405 1973 1202 2058; baseline -0.004 -19"><span class='ocrx_word' id='word_1_75' title='bbox 405 1973 487 2039; x_wconf 85' lang='lat' dir='ltr'>Hoec</span> <span class='ocrx_word' id='word_1_76' title='bbox 504 1974 594 2058; x_wconf 89' lang='lat' dir='ltr'>petit,</span> <span class='ocrx_word' id='word_1_77' title='bbox 609 1985 644 2037; x_wconf 91' lang='lat' dir='ltr'>ut</span> <span class='ocrx_word' id='word_1_78' title='bbox 658 1973 771 2038; x_wconf 84' lang='lat' dir='ltr'>redeas</span> <span class='ocrx_word' id='word_1_79' title='bbox 786 1981 820 2039; x_wconf 84' lang='lat' dir='ltr'>et</span> <span class='ocrx_word' id='word_1_80' title='bbox 834 1974 868 2037; x_wconf 91' lang='lat' dir='ltr'>in</span> <span class='ocrx_word' id='word_1_81' title='bbox 882 1974 939 2038; x_wconf 85' lang='lat' dir='ltr'>illa</span> <span class='ocrx_word' id='word_1_82' title='bbox 952 1973 1028 2036; x_wconf 89' lang='lat' dir='ltr'>sede</span> <span class='ocrx_word' id='word_1_83' title='bbox 1042 1973 1202 2055; x_wconf 85' lang='lat' dir='ltr'>quiesces,</span> 
     </span>
     <span class='ocr_line' id='line_1_13' title="bbox 492 2061 1353 2160; baseline -0.006 -21"><span class='ocrx_word' id='word_1_84' title='bbox 492 2075 573 2148; x_wconf 79' lang='lat' dir='ltr'>Qun</span> <span class='ocrx_word' id='word_1_85' title='bbox 584 2061 686 2160; x_wconf 85' lang='lat' dir='ltr'>caput</span> <span class='ocrx_word' id='word_1_86' title='bbox 700 2084 749 2140; x_wconf 90' lang='lat' dir='ltr'>est</span> <span class='ocrx_word' id='word_1_87' title='bbox 763 2076 852 2158; x_wconf 88' lang='lat' dir='ltr'>regni</span> <span class='ocrx_word' id='word_1_88' title='bbox 861 2075 1060 2160; x_wconf 76' lang='lat' dir='ltr'>justitiaeque</span> <span class='ocrx_word' id='word_1_89' title='bbox 1075 2073 1199 2138; x_wconf 86' lang='lat' dir='ltr'>domus.</span> <span class='ocrx_word' id='word_1_90' title='bbox 1271 2077 1353 2136; x_wconf 78' lang='grc'><strong>1640</strong></span> 
     </span>
     <span class='ocr_line' id='line_1_14' title="bbox 411 2167 1109 2261; baseline -0.001 -22"><span class='ocrx_word' id='word_1_91' title='bbox 411 2167 540 2241; x_wconf 85' lang='lat' dir='ltr'>Parebis</span> <span class='ocrx_word' id='word_1_92' title='bbox 554 2177 645 2241; x_wconf 89' lang='lat' dir='ltr'>matri</span> <span class='ocrx_word' id='word_1_93' title='bbox 660 2178 835 2261; x_wconf 74' lang='lat' dir='ltr'>prasertim</span> <span class='ocrx_word' id='word_1_94' title='bbox 852 2188 943 2241; x_wconf 83' lang='lat' dir='ltr'>recta</span> <span class='ocrx_word' id='word_1_95' title='bbox 956 2177 1109 2252; x_wconf 89' lang='lat' dir='ltr'>monenti,</span> 
     </span>
     <span class='ocr_line' id='line_1_15' title="bbox 492 2277 1136 2364; baseline -0.003 -22"><span class='ocrx_word' id='word_1_96' title='bbox 492 2278 636 2363; x_wconf 74' lang='lat' dir='ltr'>Quaque</span> <span class='ocrx_word' id='word_1_97' title='bbox 652 2290 722 2342; x_wconf 89' lang='lat' dir='ltr'>tuos</span> <span class='ocrx_word' id='word_1_98' title='bbox 739 2277 843 2344; x_wconf 92' lang='lat' dir='ltr'>tendit</span> <span class='ocrx_word' id='word_1_99' title='bbox 857 2289 1044 2364; x_wconf 78' lang='lat' dir='ltr'>perpetuare</span> <span class='ocrx_word' id='word_1_100' title='bbox 1058 2277 1136 2341; x_wconf 87' lang='lat' dir='ltr'>dies.</span> 
     </span>
     <span class='ocr_line' id='line_1_16' title="bbox 406 2379 1280 2464; baseline 0.001 -22"><span class='ocrx_word' id='word_1_101' title='bbox 406 2379 545 2443; x_wconf 73' lang='lat' dir='ltr'>intrabis</span> <span class='ocrx_word' id='word_1_102' title='bbox 559 2380 744 2454; x_wconf 87' lang='lat' dir='ltr'>claustrum,</span> <span class='ocrx_word' id='word_1_103' title='bbox 760 2379 828 2458; x_wconf 91' lang='lat' dir='ltr'>sed,</span> <span class='ocrx_word' id='word_1_104' title='bbox 842 2381 869 2442; x_wconf 92' lang='lat' dir='ltr'>si</span> <span class='ocrx_word' id='word_1_105' title='bbox 884 2391 989 2464; x_wconf 83' lang='lat' dir='ltr'>potes,</span> <span class='ocrx_word' id='word_1_106' title='bbox 1003 2381 1125 2464; x_wconf 81' lang='lat' dir='ltr'>absque</span> <span class='ocrx_word' id='word_1_107' title='bbox 1141 2380 1280 2455; x_wconf 82' lang='lat' dir='ltr'>cucullo,</span> 
     </span>
     <span class='ocr_line' id='line_1_17' title="bbox 496 2481 1087 2566; baseline 0 -20"><span class='ocrx_word' id='word_1_108' title='bbox 496 2481 542 2546; x_wconf 90' lang='lat' dir='ltr'>Ut</span> <span class='ocrx_word' id='word_1_109' title='bbox 556 2493 641 2566; x_wconf 90' lang='lat' dir='ltr'>post,</span> <span class='ocrx_word' id='word_1_110' title='bbox 656 2483 684 2546; x_wconf 92' lang='lat' dir='ltr'>si</span> <span class='ocrx_word' id='word_1_111' title='bbox 699 2483 809 2562; x_wconf 88' lang='lat' dir='ltr'>libeat,</span> <span class='ocrx_word' id='word_1_112' title='bbox 824 2481 985 2566; x_wconf 80' lang='lat' dir='ltr'>egrediare</span> <span class='ocrx_word' id='word_1_113' title='bbox 1001 2495 1087 2547; x_wconf 62' lang='lat' dir='ltr'>tuus»</span> 
     </span>
     <span class='ocr_line' id='line_1_18' title="bbox 408 2575 1354 2668; baseline 0 -22"><span class='ocrx_word' id='word_1_114' title='bbox 408 2583 554 2646; x_wconf 80' lang='lat' dir='ltr'>Invenies</span> <span class='ocrx_word' id='word_1_115' title='bbox 568 2583 646 2661; x_wconf 86' lang='lat' dir='ltr'>iilic,</span> <span class='ocrx_word' id='word_1_116' title='bbox 663 2583 741 2667; x_wconf 90' lang='lat' dir='ltr'>quid</span> <span class='ocrx_word' id='word_1_117' title='bbox 757 2605 882 2668; x_wconf 84' lang='lat' dir='ltr'>semper</span> <span class='ocrx_word' id='word_1_118' title='bbox 897 2585 978 2648; x_wconf 90' lang='lat' dir='ltr'>scire</span> <span class='ocrx_word' id='word_1_119' title='bbox 993 2585 1151 2661; x_wconf 85' lang='lat' dir='ltr'>laborant,</span> <span class='ocrx_word' id='word_1_120' title='bbox 1272 2575 1354 2647; x_wconf 74' lang='grc'><strong>1645</strong></span> 
     </span>
     <span class='ocr_line' id='line_1_19' title="bbox 492 2683 1226 2770; baseline -0.001 -22"><span class='ocrx_word' id='word_1_121' title='bbox 492 2687 537 2748; x_wconf 91' lang='grc' dir='ltr'>Ε1</span> <span class='ocrx_word' id='word_1_122' title='bbox 551 2686 667 2770; x_wconf 82' lang='grc'><strong>6611166</strong></span> <span class='ocrx_word' id='word_1_123' title='bbox 682 2696 732 2748; x_wconf 86' lang='grc'>661</span> <span class='ocrx_word' id='word_1_124' title='bbox 745 2683 876 2765; x_wconf 88' lang='lat' dir='ltr'>grandis</span> <span class='ocrx_word' id='word_1_125' title='bbox 890 2703 989 2768; x_wconf 84' lang='lat' dir='ltr'>poena</span> <span class='ocrx_word' id='word_1_126' title='bbox 1003 2703 1109 2746; x_wconf 88' lang='lat' dir='ltr'>carere</span> <span class='ocrx_word' id='word_1_127' title='bbox 1123 2685 1226 2760; x_wconf 87' lang='lat' dir='ltr'>libro;</span> 
     </span>
     <span class='ocr_line' id='line_1_20' title="bbox 404 2783 1188 2869; baseline -0.003 -21"><span class='ocrx_word' id='word_1_128' title='bbox 404 2783 486 2851; x_wconf 85' lang='lat' dir='ltr'>Sunt</span> <span class='ocrx_word' id='word_1_129' title='bbox 499 2787 565 2861; x_wconf 82' lang='lat' dir='ltr'>alii,</span> <span class='ocrx_word' id='word_1_130' title='bbox 579 2787 633 2869; x_wconf 93' lang='lat' dir='ltr'>qui</span> <span class='ocrx_word' id='word_1_131' title='bbox 647 2785 694 2850; x_wconf 89' lang='lat' dir='ltr'>sic</span> <span class='ocrx_word' id='word_1_132' title='bbox 710 2785 892 2867; x_wconf 90' lang='lat' dir='ltr'>sapientum</span> <span class='ocrx_word' id='word_1_133' title='bbox 905 2783 1027 2866; x_wconf 84' lang='lat' dir='ltr'>scripta</span> <span class='ocrx_word' id='word_1_134' title='bbox 1039 2784 1188 2862; x_wconf 81' lang='lat' dir='ltr'>licentur,</span> 
     </span>
     <span class='ocr_line' id='line_1_21' title="bbox 492 2884 1187 2968; baseline -0.007 -15"><span class='ocrx_word' id='word_1_135' title='bbox 492 2890 539 2953; x_wconf 91' lang='lat' dir='ltr'>Ut</span> <span class='ocrx_word' id='word_1_136' title='bbox 551 2906 615 2949; x_wconf 92' lang='lat' dir='ltr'>non</span> <span class='ocrx_word' id='word_1_137' title='bbox 631 2885 795 2949; x_wconf 81' lang='lat' dir='ltr'>semissem</span> <span class='ocrx_word' id='word_1_138' title='bbox 812 2894 933 2948; x_wconf 87' lang='lat' dir='ltr'>cuncta</span> <span class='ocrx_word' id='word_1_139' title='bbox 946 2884 1050 2947; x_wconf 84' lang='lat' dir='ltr'>valere</span> <span class='ocrx_word' id='word_1_140' title='bbox 1064 2894 1187 2968; x_wconf 87' lang='lat' dir='ltr'>putent.</span> 
     </span>
     <span class='ocr_line' id='line_1_22' title="bbox 405 2983 1129 3071; baseline -0.001 -21"><span class='ocrx_word' id='word_1_141' title='bbox 405 2985 503 3071; x_wconf 80' lang='lat' dir='ltr'>Legis</span> <span class='ocrx_word' id='word_1_142' title='bbox 517 2996 672 3050; x_wconf 87' lang='lat' dir='ltr'>amatores</span> <span class='ocrx_word' id='word_1_143' title='bbox 686 2983 783 3049; x_wconf 84' lang='lat' dir='ltr'>adeas</span> <span class='ocrx_word' id='word_1_144' title='bbox 798 2996 830 3048; x_wconf 89' lang='lat' dir='ltr'>et</span> <span class='ocrx_word' id='word_1_145' title='bbox 843 2985 963 3070; x_wconf 84' lang='lat' dir='ltr'>scripta</span> <span class='ocrx_word' id='word_1_146' title='bbox 976 2986 1129 3065; x_wconf 87' lang='lat' dir='ltr'>colentes,</span> 
     </span>
     <span class='ocr_line' id='line_1_23' title="bbox 490 3086 1354 3169; baseline 0.001 -18"><span class='ocrx_word' id='word_1_147' title='bbox 490 3086 611 3151; x_wconf 80' lang='lat' dir='ltr'>Contra</span> <span class='ocrx_word' id='word_1_148' title='bbox 625 3105 766 3167; x_wconf 84' lang='lat' dir='ltr'>nugaces</span> <span class='ocrx_word' id='word_1_149' title='bbox 780 3087 1055 3169; x_wconf 84' lang='lat' dir='ltr'>nummicolasque</span> <span class='ocrx_word' id='word_1_150' title='bbox 1070 3107 1156 3151; x_wconf 86' lang='lat' dir='ltr'>cave.</span> <span class='ocrx_word' id='word_1_151' title='bbox 1270 3090 1354 3155; x_wconf 77' lang='grc'><strong>1666</strong></span> 
     </span>
     <span class='ocr_line' id='line_1_24' title="bbox 405 3185 1264 3270; baseline 0 -17"><span class='ocrx_word' id='word_1_152' title='bbox 405 3189 492 3262; x_wconf 79' lang='lat' dir='ltr'>Quas</span> <span class='ocrx_word' id='word_1_153' title='bbox 507 3185 685 3250; x_wconf 83' lang='lat' dir='ltr'>contemnit</span> <span class='ocrx_word' id='word_1_154' title='bbox 699 3206 779 3270; x_wconf 86' lang='lat' dir='ltr'>opes</span> <span class='ocrx_word' id='word_1_155' title='bbox 795 3185 934 3270; x_wconf 82' lang='lat' dir='ltr'>sapiens,</span> <span class='ocrx_word' id='word_1_156' title='bbox 948 3186 1088 3251; x_wconf 85' lang='lat' dir='ltr'>admittit</span> <span class='ocrx_word' id='word_1_157' title='bbox 1102 3187 1145 3252; x_wconf 92' lang='lat' dir='ltr'>ad</span> <span class='ocrx_word' id='word_1_158' title='bbox 1160 3208 1264 3268; x_wconf 88' lang='lat' dir='ltr'>nsum,</span> 
     </span>
     <span class='ocr_line' id='line_1_25' title="bbox 489 3287 1299 3374; baseline 0.007 -24"><span class='ocrx_word' id='word_1_159' title='bbox 489 3287 610 3360; x_wconf 75' lang='lat' dir='ltr'>Quaerit</span> <span class='ocrx_word' id='word_1_160' title='bbox 624 3297 656 3350; x_wconf 87' lang='lat' dir='ltr'>et</span> <span class='ocrx_word' id='word_1_161' title='bbox 669 3287 839 3366; x_wconf 86' lang='lat' dir='ltr'>interdum,</span> <span class='ocrx_word' id='word_1_162' title='bbox 853 3308 920 3351; x_wconf 92' lang='lat' dir='ltr'>non</span> <span class='ocrx_word' id='word_1_163' title='bbox 936 3300 1041 3352; x_wconf 88' lang='lat' dir='ltr'>tamen</span> <span class='ocrx_word' id='word_1_164' title='bbox 1057 3289 1178 3374; x_wconf 86' lang='lat' dir='ltr'>absque</span> <span class='ocrx_word' id='word_1_165' title='bbox 1193 3291 1299 3356; x_wconf 77' lang='lat' dir='ltr'>modo</span> 
     </span>
     <span class='ocr_line' id='line_1_26' title="bbox 404 3379 1231 3473; baseline 0.005 -21"><span class='ocrx_word' id='word_1_166' title='bbox 404 3379 532 3452; x_wconf 80' lang='lat' dir='ltr'>Frustra</span> <span class='ocrx_word' id='word_1_167' title='bbox 546 3388 660 3472; x_wconf 84' lang='lat' dir='ltr'>quaerit</span> <span class='ocrx_word' id='word_1_168' title='bbox 674 3409 764 3473; x_wconf 90' lang='lat' dir='ltr'>opes,</span> <span class='ocrx_word' id='word_1_169' title='bbox 779 3388 936 3472; x_wconf 87' lang='lat' dir='ltr'>quianon</span> <span class='ocrx_word' id='word_1_170' title='bbox 951 3390 1092 3470; x_wconf 86' lang='lat' dir='ltr'>satiatur,</span> <span class='ocrx_word' id='word_1_171' title='bbox 1107 3413 1231 3470; x_wconf 81' lang='lat' dir='ltr'>avarus,</span> 
     </span>
     <span class='ocr_line' id='line_1_27' title="bbox 491 3489 1305 3574; baseline 0.006 -22"><span class='ocrx_word' id='word_1_172' title='bbox 491 3489 655 3567; x_wconf 87' lang='lat' dir='ltr'>Quamvis,</span> <span class='ocrx_word' id='word_1_173' title='bbox 670 3489 823 3574; x_wconf 88' lang='lat' dir='ltr'>quicquid</span> <span class='ocrx_word' id='word_1_174' title='bbox 840 3490 949 3569; x_wconf 86' lang='lat' dir='ltr'>habet,</span> <span class='ocrx_word' id='word_1_175' title='bbox 964 3493 1107 3555; x_wconf 82' lang='lat' dir='ltr'>conferat</span> <span class='ocrx_word' id='word_1_176' title='bbox 1120 3493 1189 3574; x_wconf 85' lang='lat' dir='ltr'>ipse</span> <span class='ocrx_word' id='word_1_177' title='bbox 1203 3493 1305 3557; x_wconf 90' lang='lat' dir='ltr'>Deus.</span> 
     </span>
     <span class='ocr_line' id='line_1_28' title="bbox 404 3590 1352 3676; baseline 0.006 -23"><span class='ocrx_word' id='word_1_178' title='bbox 404 3590 562 3655; x_wconf 87' lang='lat' dir='ltr'>Nummus</span> <span class='ocrx_word' id='word_1_179' title='bbox 574 3592 604 3655; x_wconf 88' lang='lat' dir='ltr'>ei</span> <span class='ocrx_word' id='word_1_180' title='bbox 616 3592 708 3655; x_wconf 89' lang='lat' dir='ltr'>Deus</span> <span class='ocrx_word' id='word_1_181' title='bbox 720 3601 779 3672; x_wconf 85' lang='lat' dir='ltr'>est,</span> <span class='ocrx_word' id='word_1_182' title='bbox 789 3591 844 3676; x_wconf 89' lang='grc'>661</span> <span class='ocrx_word' id='word_1_183' title='bbox 855 3612 983 3675; x_wconf 87' lang='lat' dir='ltr'>semper</span> <span class='ocrx_word' id='word_1_184' title='bbox 992 3599 1120 3675; x_wconf 85' lang='lat' dir='ltr'>torquet</span> <span class='ocrx_word' id='word_1_185' title='bbox 1130 3592 1253 3657; x_wconf 86' lang='lat' dir='ltr'>amicos</span> <span class='ocrx_word' id='word_1_186' title='bbox 1270 3596 1352 3659; x_wconf 82' lang='grc'><strong>1666</strong></span> 
     </span>
     <span class='ocr_line' id='line_1_29' title="bbox 488 3691 1139 3777; baseline 0 -22"><span class='ocrx_word' id='word_1_187' title='bbox 488 3691 533 3755; x_wconf 89' lang='grc' dir='ltr'>Ε1</span> <span class='ocrx_word' id='word_1_188' title='bbox 547 3693 629 3758; x_wconf 83' lang='grc'><strong>66161</strong></span> <span class='ocrx_word' id='word_1_189' title='bbox 644 3703 793 3757; x_wconf 72' lang='lat' dir='ltr'>eternam</span> <span class='ocrx_word' id='word_1_190' title='bbox 809 3703 998 3777; x_wconf 87' lang='lat' dir='ltr'>perpetuare</span> <span class='ocrx_word' id='word_1_191' title='bbox 1012 3693 1139 3755; x_wconf 84' lang='lat' dir='ltr'>famem.</span> 
     </span>
     <span class='ocr_line' id='line_1_30' title="bbox 403 3791 1171 3877; baseline 0.005 -22"><span class='ocrx_word' id='word_1_192' title='bbox 403 3791 516 3856; x_wconf 88' lang='lat' dir='ltr'>Gratia</span> <span class='ocrx_word' id='word_1_193' title='bbox 529 3815 598 3857; x_wconf 89' lang='lat' dir='ltr'>rore</span> <span class='ocrx_word' id='word_1_194' title='bbox 615 3814 673 3857; x_wconf 89' lang='grc'>666</span> <span class='ocrx_word' id='word_1_195' title='bbox 687 3815 829 3859; x_wconf 92' lang='lat' dir='ltr'>nocuum</span> <span class='ocrx_word' id='word_1_196' title='bbox 845 3795 1006 3877; x_wconf 86' lang='lat' dir='ltr'>restringit</span> <span class='ocrx_word' id='word_1_197' title='bbox 1020 3813 1171 3873; x_wconf 86' lang='lat' dir='ltr'>amorem,</span> 
     </span>
     <span class='ocr_line' id='line_1_31' title="bbox 489 3890 1291 3981; baseline 0.005 -25"><span class='ocrx_word' id='word_1_198' title='bbox 489 3890 553 3956; x_wconf 85' lang='lat' dir='ltr'>Sed</span> <span class='ocrx_word' id='word_1_199' title='bbox 569 3894 720 3978; x_wconf 89' lang='lat' dir='ltr'>cupidam</span> <span class='ocrx_word' id='word_1_200' title='bbox 736 3905 876 3959; x_wconf 90' lang='lat' dir='ltr'>mentem</span> <span class='ocrx_word' id='word_1_201' title='bbox 890 3917 954 3958; x_wconf 91' lang='lat' dir='ltr'>non</span> <span class='ocrx_word' id='word_1_202' title='bbox 969 3896 1048 3959; x_wconf 82' lang='lat' dir='ltr'>iacit</span> <span class='ocrx_word' id='word_1_203' title='bbox 1062 3897 1185 3981; x_wconf 87' lang='lat' dir='ltr'>absquo</span> <span class='ocrx_word' id='word_1_204' title='bbox 1199 3898 1291 3962; x_wconf 81' lang='grc'><strong>16616.</strong></span> 
     </span>
     <span class='ocr_line' id='line_1_32' title="bbox 402 3994 1274 4078; baseline 0.005 -20"><span class='ocrx_word' id='word_1_205' title='bbox 402 3994 520 4058; x_wconf 89' lang='lat' dir='ltr'>Omnia</span> <span class='ocrx_word' id='word_1_206' title='bbox 535 4015 630 4078; x_wconf 86' lang='lat' dir='ltr'>posse</span> <span class='ocrx_word' id='word_1_207' title='bbox 646 3995 752 4058; x_wconf 87' lang='lat' dir='ltr'>Deum</span> <span class='ocrx_word' id='word_1_208' title='bbox 767 4009 877 4060; x_wconf 91' lang='lat' dir='ltr'>notum</span> <span class='ocrx_word' id='word_1_209' title='bbox 894 3997 972 4060; x_wconf 86' lang='lat' dir='ltr'>satis</span> <span class='ocrx_word' id='word_1_210' title='bbox 987 4010 1046 4075; x_wconf 89' lang='lat' dir='ltr'>est,</span> <span class='ocrx_word' id='word_1_211' title='bbox 1061 3998 1120 4061; x_wconf 88' lang='lat' dir='ltr'>sed</span> <span class='ocrx_word' id='word_1_212' title='bbox 1134 4020 1274 4077; x_wconf 85' lang='lat' dir='ltr'>avarum,</span> 
     </span>
     <span class='ocr_line' id='line_1_33' title="bbox 490 4095 1351 4182; baseline 0.005 -22"><span class='ocrx_word' id='word_1_213' title='bbox 490 4095 540 4160; x_wconf 87' lang='lat' dir='ltr'>Sit</span> <span class='ocrx_word' id='word_1_214' title='bbox 553 4095 630 4159; x_wconf 90' lang='grc'><strong>11661</strong></span> <span class='ocrx_word' id='word_1_215' title='bbox 643 4096 862 4179; x_wconf 87' lang='lat' dir='ltr'>omnipotens,</span> <span class='ocrx_word' id='word_1_216' title='bbox 875 4119 941 4160; x_wconf 91' lang='lat' dir='ltr'>non</span> <span class='ocrx_word' id='word_1_217' title='bbox 957 4099 1071 4165; x_wconf 85' lang='lat' dir='ltr'>satiare</span> <span class='ocrx_word' id='word_1_218' title='bbox 1087 4111 1203 4182; x_wconf 86' lang='lat' dir='ltr'>potest.</span> <span class='ocrx_word' id='word_1_219' title='bbox 1269 4104 1351 4164; x_wconf 91' lang='grc'><strong>1660</strong></span> 
     </span>
     <span class='ocr_line' id='line_1_34' title="bbox 404 4194 1261 4282; baseline 0.001 -23"><span class='ocrx_word' id='word_1_220' title='bbox 404 4195 551 4280; x_wconf 86' lang='grc' dir='ltr'><strong>Ν666166</strong></span> <span class='ocrx_word' id='word_1_221' title='bbox 566 4195 630 4259; x_wconf 90' lang='grc'><strong>1166</strong></span> <span class='ocrx_word' id='word_1_222' title='bbox 645 4194 725 4257; x_wconf 89' lang='grc'><strong>611111</strong></span> <span class='ocrx_word' id='word_1_223' title='bbox 741 4205 800 4270; x_wconf 81' lang='lat' dir='ltr'>est,</span> <span class='ocrx_word' id='word_1_224' title='bbox 816 4197 893 4279; x_wconf 87' lang='lat' dir='ltr'>quia</span> <span class='ocrx_word' id='word_1_225' title='bbox 907 4198 988 4262; x_wconf 89' lang='grc'><strong>116111</strong></span> <span class='ocrx_word' id='word_1_226' title='bbox 1004 4199 1107 4282; x_wconf 88' lang='lat' dir='ltr'>parcit</span> <span class='ocrx_word' id='word_1_227' title='bbox 1120 4199 1261 4281; x_wconf 86' lang='lat' dir='ltr'>agitque,</span> 
     </span>
     <span class='ocr_line' id='line_1_35' title="bbox 492 4296 1220 4382; baseline -0.003 -20"><span class='ocrx_word' id='word_1_228' title='bbox 492 4299 539 4362; x_wconf 92' lang='lat' dir='ltr'>Ut</span> <span class='ocrx_word' id='word_1_229' title='bbox 553 4296 596 4360; x_wconf 89' lang='lat' dir='ltr'>sit</span> <span class='ocrx_word' id='word_1_230' title='bbox 609 4316 682 4361; x_wconf 89' lang='lat' dir='ltr'>cum</span> <span class='ocrx_word' id='word_1_231' title='bbox 698 4296 829 4379; x_wconf 87' lang='lat' dir='ltr'>reliquis</span> <span class='ocrx_word' id='word_1_232' title='bbox 844 4319 971 4382; x_wconf 88' lang='lat' dir='ltr'>semper</span> <span class='ocrx_word' id='word_1_233' title='bbox 984 4309 1017 4363; x_wconf 92' lang='grc'>61</span> <span class='ocrx_word' id='word_1_234' title='bbox 1030 4300 1101 4381; x_wconf 87' lang='lat' dir='ltr'>ipse</span> <span class='ocrx_word' id='word_1_235' title='bbox 1117 4299 1220 4360; x_wconf 90' lang='lat' dir='ltr'>miser.</span> 
     </span>
    </p>
   </div>
   <div class='ocr_carea' id='block_1_3' title="bbox 403 4395 1139 4559">
    <p class='ocr_par' dir='ltr' id='par_1_3' title="bbox 403 4395 1139 4559">
     <span class='ocr_line' id='line_1_36' title="bbox 403 4395 1139 4481; baseline 0 -23"><span class='ocrx_word' id='word_1_236' title='bbox 403 4397 549 4481; x_wconf 87' lang='lat' dir='ltr'>Neqnior</span> <span class='ocrx_word' id='word_1_237' title='bbox 564 4408 613 4462; x_wconf 87' lang='lat' dir='ltr'>est</span> <span class='ocrx_word' id='word_1_238' title='bbox 626 4395 708 4474; x_wconf 83' lang='lat' dir='ltr'>aliis,</span> <span class='ocrx_word' id='word_1_239' title='bbox 722 4396 778 4480; x_wconf 92' lang='lat' dir='ltr'>qui</span> <span class='ocrx_word' id='word_1_240' title='bbox 793 4398 897 4460; x_wconf 79' lang='lat' dir='ltr'>verbis</span> <span class='ocrx_word' id='word_1_241' title='bbox 912 4398 1022 4475; x_wconf 82' lang='lat' dir='ltr'>Gillia,</span> <span class='ocrx_word' id='word_1_242' title='bbox 1037 4398 1139 4459; x_wconf 84' lang='lat' dir='ltr'>robus.</span> 
     </span>
     <span class='ocr_line' id='line_1_37' title="bbox 847 4499 905 4559; baseline -0.017 0"><span class='ocrx_word' id='word_1_243' title='bbox 847 4514 869 4559; x_wconf 88' lang='lat' dir='ltr'>u</span> <span class='ocrx_word' id='word_1_244' title='bbox 884 4499 905 4558; x_wconf 73' lang='grc'>1</span> 
     </span>
    </p>
   </div>
   <div class='ocr_carea' id='block_1_4' title="bbox 0 0 1818 5317">
    <p class='ocr_par' dir='ltr' id='par_1_4' title="bbox 0 0 1818 5317">
     <span class='ocr_line' id='line_1_38' title="bbox 0 0 1818 5317; baseline 0 0"><span class='ocrx_word' id='word_1_245' title='bbox 0 0 1818 5317; x_wconf 95' lang='lat' dir='ltr'> </span> 
     </span>
    </p>
   </div>
  </div>
 </body>
</html>
