3625 5317
448 796 509 854 132
704 810 839 855 nonanis
855 810 1133 856 sartasnsnrnnsrs
1252 797 1332 875 [cra.
1349 813 1401 858 111.

450 982 532 1025 marn
549 959 714 1045 colligunt,
731 975 763 1025 et
779 961 885 1026 verbis
900 960 1048 1026 facilibus
1063 962 1205 1026 tradunt.
1252 962 1401 1027 Vestiunt

449 1062 531 1125 enim
558 1083 670 1126 sensus·
692 1076 858 1126 auctorum
883 1061 976 1149 quasi
1001 1063 1089 1127 cultu
1118 1064 1317 1150 quotidiano,
1341 1063 1399 1149 qui

450 1162 687 1247 quodammodo
698 1165 838 1228 festivior
849 1178 909 1241 est,
921 1186 1022 1250 quum
1033 1166 1232 1251 antiquitatis
1242 1166 1402 1251 gravitate

450 1263 567 1329 clarius
595 1262 779 1350 insignitur.
836 1268 918 1331 Sunt
948 1289 1025 1353 ergo
1054 1270 1236 1332 memoriter
1264 1267 1402 1333 tenenda

450 1367 547 1431 verba
558 1368 806 1444 auctorum‚'sed
823 1391 860 1433 ea
874 1369 1011 1433 maxime
1024 1394 1098 1457 qum
1112 1371 1222 1456 plenas
1231 1370 1402 1435 sententias

450 1467 591 1553 explent,
615 1482 645 1530 et
672 1492 745 1554 quoe
767 1469 932 1533 commode
954 1484 1087 1555 possunt
1110 1471 1152 1535 ad
1175 1470 1277 1535 multa
1299 1483 1403 1535 trans-

450 1568 543 1633 ferri:
576 1591 647 1631 nam
674 1584 706 1633 et
724 1571 792 1633 hacc
815 1565 1030 1654 integritatem
1051 1571 1189 1636 scientiae
1209 1586 1345 1646 servant,
1369 1580 1402 1633 et

450 1685 567 1758 praeter
597 1672 657 1735 boc
686 1695 705 1735 a
735 1672 845 1757 seipsis
875 1684 938 1737 tam
968 1673 1107 1750 latentis,
1137 1696 1231 1759 quam
1262 1674 1402 1759 patentis

452 1774 590 1855 energiae
617 1772 735 1837 habent
761 1772 947 1858 plurimum.
999 1776 1080 1838 Sunt
1104 1788 1210 1839 autem
1237 1773 1402 1860 pleraque,

452 1898 526 1961 quae
540 1875 565 1938 si
582 1897 600 1936 a
615 1875 681 1938 suis
696 1874 815 1939 avellas
829 1877 970 1952 sedibus,
985 1892 1042 1941 aut
1057 1876 1147 1958 nihil,
1162 1891 1218 1942 aut
1234 1876 1400 1940 minimum

450 1977 579 2060 sapiunt
605 1976 763 2047 auditori;
800 1977 907 2061 qualia
929 1978 996 2041 fere
1021 1995 1096 2044 sunt
1121 1980 1227 2043 omnia
1253 1976 1402 2062 Analyti-

450 2099 558 2141 corum
580 2076 737 2163 exempla,
764 2078 818 2141 ubi
842 2078 944 2142 litera
967 2094 1134 2163 ponuntur
1159 2102 1217 2164 pro
1238 2079 1399 2144 terminis:

451 2202 525 2264 quae
541 2180 622 2244 sicut
643 2178 682 2244 ad
705 2178 879 2242 doctrinam
904 2180 1076 2265 proliciunt
1097 2181 1141 2245 sic
1163 2196 1308 2256 tractata,
1323 2180 1401 2243 alias

452 2282 579 2345 inutilia
594 2292 678 2344 sunt.
725 2279 860 2364 Regulae
877 2301 1004 2365 quoque
1024 2282 1114 2365 ipsoe,
1130 2283 1212 2346 sicut
1224 2282 1401 2367 plurimum

450 2381 568 2464 vigoris
583 2380 701 2445 habent
716 2403 735 2444 a
750 2381 883 2445 veritate
903 2382 1077 2445 doctrine:
1102 2382 1146 2444 sic
1161 2382 1194 2445 in
1209 2381 1403 2445 commercio

451 2481 540 2547 verbi
563 2467 728 2545 minimum
756 2495 909 2568 possunt:
936 2504 1008 2547 nam
1029 2482 1116 2567 quod
1136 2480 1255 2546 dicitur
1276 2482 1309 2546 in
1332 2494 1404 2548 toto

450 2606 517 2649 esse
528 2582 661 2647 alterum
675 2583 775 2662 alteri,
786 2583 834 2647 vel
849 2584 880 2647 in
898 2596 967 2648 toto
979 2606 1039 2647 non
1051 2606 1128 2660 esse,
1141 2595 1171 2648 et
1183 2584 1403 2647 universaliter·

449 2686 575 2771 aliquid
593 2686 632 2749 de
652 2686 758 2772 aliquo
774 2686 963 2771 predicari,
984 2687 1032 2748 nel
1052 2685 1221 2771 abaliquo
1242 2686 1401 2760 removeri,

451 2789 533 2853 idem
549 2803 607 2854 est.
654 2791 817 2873 Frequens
832 2801 938 2853 tamen
955 2810 1032 2852 usus
1046 2799 1094 2852 est
1108 2788 1241 2853 alterius
1256 2786 1356 2861 verbi,
1366 2800 1400 2849 et

450 2892 581 2957 alterius
604 2892 669 2955 t'ere
692 2889 868 2953 intercidit:
908 2889 968 2953 nisi
997 2904 1156 2975 quotenus
1184 2912 1224 2954 ex
1254 2886 1400 2952 condicto

449 2992 610 3057 interdum
633 2990 826 3057 admittitur.
874 2992 953 3055 Fuit
981 2992 1114 3055 sortasse
1140 3002 1283 3077 tempore
1309 2987 1401 3051 Aris-

450 3092 555 3157 totelis
571 3091 739 3177 utriusque
759 3114 836 3155 usus
856 3091 1021 3168 celebrior,
1037 3091 1091 3154 sed
1110 3114 1196 3155 nunc
1218 3112 1286 3175 prae
1300 3089 1400 3153 altero

450 3194 691 3275 vigetalterum,
702 3192 851 3277 quoniam
865 3192 911 3256 ita
921 3193 991 3257 vult
1004 3215 1090 3256 usus.
1115 3194 1167 3255 Sic
1178 3208 1210 3256 et
1220 3192 1251 3255 in
1262 3214 1299 3254 eo
1310 3188 1399 3276 quod

448 3294 567 3358 dicitur
582 3296 750 3378 contignus,
768 3294 971 3379 aliquatenus
990 3294 1177 3377 derogatum
1193 3307 1242 3357 est
1256 3294 1296 3372 ei,
1310 3292 1400 3378 quod

449 3392 536 3480 apud
552 3394 752 3458 Aristotelem
774 3394 949 3458 obtinebat.
993 3395 1070 3455 Jam
1090 3394 1174 3456 euim
1195 3415 1398 3479 nequaquam

449 3494 633 3579 contingens
644 3493 786 3581 possibili
797 3508 1014 3579 comparatur:
1031 3494 1090 3557 boe
1101 3511 1204 3558 tamen
1216 3493 1249 3556 in
1261 3504 1399 3561 tractatu

449 3596 620 3661 modalium
637 3596 767 3661 sensisse
782 3596 869 3660 visus
883 3609 942 3660 est.
983 3596 1074 3659 Licet
1088 3595 1171 3658 enim
1187 3593 1337 3680 possibile
1351 3610 1401 3661 est

447 3696 553 3762 albere
574 3712 699 3782 gentem
719 3696 922 3781 AEthiopum,
939 3697 1140 3784 speciemque
1153 3717 1329 3783 cygnorum
1353 3699 1401 3761 ni·

445 3820 599 3881 grescere,
612 3812 759 3863 neutrum
774 3812 877 3863 tamen
895 3796 1080 3883 contingens
1094 3809 1152 3862 est.
1175 3797 1272 3872 Quod
1288 3800 1314 3861 si
1330 3797 1400 3863 baec

447 3900 532 3984 quis,
553 3900 702 3985 quoniam
732 3900 896 3986 possibilia
923 3912 1009 3977 sunt,
1028 3900 1211 3982 contingere
1237 3898 1399 3985 opinatur,

449 4001 507 4063 hoc
530 4000 561 4065 in
586 4001 714 4087 publico
739 4000 900 4086 praedicet,
926 4001 1105 4066 Aristotelis
1129 3999 1320 4065 auctoritate
1345 4002 1401 4065 de·

447 4102 555 4181 ducta,
569 4115 600 4167 et
618 4102 721 4188 plane,
737 4104 891 4168 renitente
914 4102 1053 4187 publicae
1075 4104 1230 4167 suasionis
1252 4124 1325 4178 usu,
1341 4117 1399 4168 aut

448 4204 564 4267 insanis
586 4201 745 4268 videbitur
771 4204 921 4280 assidere,
943 4217 1001 4268 aut
1027 4218 1112 4268 certe
1137 4226 1250 4290 parum
1274 4204 1400 4269 sobrius

446 4330 523 4369 esse.
568 4305 630 4372 Sed
649 4324 685 4369 ut
703 4306 743 4370 ad
767 4306 863 4369 alium
887 4306 1061 4390 migremus
1083 4326 1221 4380 sensum,
1238 4329 1303 4392 quo
1323 4328 1399 4370 eon-

448 4406 572 4493 tingens
595 4429 656 4472 non
679 4420 866 4493 coaequatur
888 4408 1030 4493 quidem,
1051 4407 1106 4473 sed
1129 4408 1400 4476 circumscribitur
