3625 5317
480 762 539 822 tat
735 770 872 819 scaurus
887 768 1167 815 strassenraasrs
1286 752 1370 832 [ans.
1387 771 1431 815 rv.

480 928 570 993 Deus
600 944 832 1008 usquequaque
861 920 1071 985 immutabilis
1093 934 1163 985 est:
1202 919 1329 1006 reliqua
1356 920 1432 997 duo,
1498 956 1507 975 ι

479 1022 718 1111 quodammodo
731 1018 918 1100 immobilia,
933 1019 1036 1085 sedin
1057 1020 1224 1087 effectibus
1236 1020 1279 1085 ab
1298 1020 1433 1087 invicem

480 1126 651 1192 variantur.
699 1124 868 1187 Materiam
885 1122 1005 1207 quippe
1020 1122 1224 1187 advenientes
1245 1122 1359 1187 formae
1372 1123 1437 1189 dis·

480 1240 613 1315 ponunt,
637 1239 668 1291 et
693 1224 931 1311 quodammodo
953 1225 1055 1289 motui
1078 1224 1219 1291 reddunt
1242 1224 1433 1289 obnoxiam:

482 1344 514 1395 et
539 1331 615 1394 item
645 1329 756 1392 sormae
786 1327 927 1392 materiei
957 1326 1116 1399 contactu,
1145 1327 1285 1412 quadam
1314 1325 1438 1390 ratione

482 1431 659 1503 variantur,
674 1441 718 1505 et,
735 1439 771 1492 ut
786 1428 831 1492 ait
856 1428 1012 1492 Boethius
1034 1429 1069 1491 in
1085 1426 1317 1502 Arithmeticis,
1331 1428 1366 1491 iu
1389 1428 1436 1491 in·

483 1528 707 1595 tervertibilem
724 1538 888 1590 transeunt
904 1524 1158 1589 inconstantiam.
1200 1526 1306 1591 ldaeas
1321 1538 1440 1603 tamen,

485 1653 564 1718 quas
590 1643 662 1716 post
692 1631 797 1693 Deum
825 1628 944 1711 primas
969 1627 1121 1691 essentias
1150 1625 1255 1712 ponit,
1279 1640 1376 1711 negat
1404 1628 1438 1690 in

484 1732 596 1818 seipsis
610 1728 750 1794 materiae
761 1727 939 1807 admisceri,
949 1740 1007 1793 aut
1022 1728 1162 1817 aliquem
1177 1730 1284 1795 sortiri
1299 1738 1437 1795 motum:

485 1834 542 1903 sed
557 1857 596 1898 ex
612 1833 662 1896 his
683 1831 795 1895 formae
817 1829 978 1916 prodeunt
1000 1833 1131 1909 natirae,
1145 1831 1265 1897 scilicet
1286 1831 1440 1915 imagines

487 1933 730 2021 exemplarium,
745 1926 826 2017 quis
841 1944 957 1999 natura
978 1933 1073 1997 rebus
1094 1932 1229 2019 siugulis
1249 1932 1441 1999 concreavit.

489 2033 578 2097 Hinc
592 2033 624 2097 in
641 2032 720 2097 libro
734 2032 775 2095 de
791 2032 954 2099 Trinitate
977 2033 1150 2099 Boethius:
1181 2038 1239 2101 Ea
1253 2035 1442 2118 hissormir,

490 2155 566 2219 quoe
573 2141 698 2218 preter
709 2136 875 2199 materiam
885 2142 973 2209 aunt,
983 2137 1178 2218 illesorrrrae
1190 2144 1360 2215 venerant,
1370 2156 1445 2219 quor

490 2239 526 2301 ia
543 2237 680 2300 materia
693 2244 781 2309 aunt,
797 2245 829 2301 et
843 2257 958 2319 corpus
971 2238 1123 2323 efficiunt.
1167 2236 1350 2303 Bernardus
1365 2260 1445 2323 quo·

490 2360 553 2423 que
564 2338 780 2412 Camotensis,
792 2336 1042 2423 perfectissimus
1055 2337 1139 2403 inter
1153 2338 1334 2404 Platonicos
1346 2338 1443 2403 seculi

491 2438 602 2519 nostri,
617 2438 698 2503 hauc
713 2438 779 2501 lere
794 2442 982 2503 seutentiam
998 2453 1100 2507 metro
1113 2444 1302 2526 complexus
1314 2453 1384 2509 est:

563 2578 624 2631 Non
636 2577 694 2629 dico
705 2593 762 2630 esse
774 2578 843 2646 quod
856 2583 905 2643 eat,
917 2581 1025 2646 gemina
1036 2580 1105 2649 qnod
1116 2587 1190 2651 parte
1202 2586 1319 2633 coachun

596 2662 720 2717 Materia
730 2660 841 2715 formam
852 2664 967 2717 continet
978 2663 1147 2736 implicitam:

562 2748 616 2802 Sed
628 2747 686 2801 dico
698 2763 757 2799 esse
769 2747 839 2817 qnod
851 2752 901 2813 est,
912 2766 966 2801 una
978 2749 1048 2817 qnod
1059 2756 1162 2803 constet
1173 2767 1276 2804 earum

601 2834 660 2885 Hoc
673 2836 747 2885 vocat
759 2831 852 2897 Idean,
864 2831 929 2885 illud
942 2833 1049 2887 Acheus
1061 2839 1090 2886 et
1100 2836 1170 2894 ὕλην.

496 2955 543 3021 Et
563 2954 636 3019 licet
661 2954 759 3021 Stoici
775 2952 937 3019 materiam
953 2965 986 3017 et
999 2951 1117 3030 ideam,
1133 2956 1205 3019 Deo
1218 2955 1383 3021 crederent
1396 2980 1447 3021 oo·

496 3068 668 3129 aetemam3
691 3054 744 3118 alii
757 3077 843 3131 reto,
855 3077 927 3121 cum
940 3054 1083 3140 Epicuro
1094 3054 1328 3141 providentiam
1338 3079 1448 3125 eracu-

495 3169 581 3237 ante,
591 3156 693 3221 ideam
709 3155 838 3219 omnino
854 3155 1017 3223 tollerent:
1040 3155 1194 3233 iste,cum
1206 3157 1336 3246 illisqui
1348 3161 1450 3247 philo-

497 3258 684 3343 ecphantus,
695 3258 766 3321 Deo
776 3270 920 3323 neutram
930 3258 1056 3324 dicebat
1067 3272 1265 3328 coaeternam.
1299 3263 1449 3351 aequies-

496 3357 588 3423 cebat
602 3357 685 3421 enim
708 3357 867 3443 patribus,
883 3361 951 3445 qui,
964 3362 1049 3427 sieut
1066 3362 1268 3452 Augustinus
1287 3366 1378 3433 testis
1391 3379 1450 3443 est,

497 3458 634 3545 probant
649 3459 726 3544 quia
743 3458 832 3523 Deus
847 3472 905 3539 est,
921 3462 976 3547 qui
992 3467 1098 3529 omnia
1111 3465 1187 3532 fecit
1205 3466 1247 3531 de
1261 3466 1371 3548 nihilo,
1385 3490 1452 3532 om·

498 3560 586 3629 nium
617 3561 736 3627 creavit
762 3561 934 3629 materiam.
981 3564 1090 3631 Ideam
1114 3589 1190 3633 vero
1214 3580 1368 3635 uternam
1388 3592 1455 3635 esse

498 3661 731 3729 consentiebat:
762 3662 935 3729 admittens
948 3667 1159 3733 aeternitatem
1183 3665 1405 3755 providentie,
1419 3673 1452 3737 in

498 3765 694 3849 quaomnia
723 3768 818 3833 semel
844 3780 875 3835 et
903 3769 996 3834 simul
1023 3770 1110 3848 fecit,
1137 3784 1282 3839 statuens
1304 3776 1395 3861 apud
1420 3800 1453 3841 sa

497 3864 739 3952 universaquae
755 3868 866 3933 futura
888 3884 979 3936 erant
1001 3874 1033 3935 in
1057 3884 1209 3959 tempore,
1225 3889 1282 3942 aut
1304 3898 1454 3945 mansura

498 3965 531 4031 in
554 3968 741 4034 eternitate.
786 3969 997 4037 Coaeternitaa
1023 3984 1131 4039 autem
1153 3998 1221 4041 esse
1246 3999 1310 4042 uon
1334 3991 1454 4064 potest,

499 4069 559 4136 uisi
574 4069 607 4133 in
624 4068 684 4145 his,
701 4091 843 4156 quaese,
859 4093 917 4139 nec
939 4087 1054 4141 natura
1074 4078 1261 4164 majestatis,
1274 4102 1333 4144 nec
1355 4081 1454 4168 priri-

498 4172 583 4259 legio
608 4172 784 4258 potestatis,
811 4194 868 4237 nec
894 4177 1084 4243 auctoritate
1108 4185 1225 4266 operis,
1250 4181 1454 4247 antecedunt.

502 4276 619 4362 Itaque
642 4276 724 4341 solas
746 4290 809 4343 tres
832 4298 993 4363 personas,
1014 4303 1151 4367 quarum
1173 4297 1221 4350 est
1243 4308 1307 4351 una
1328 4297 1455 4361 natura,

499 4390 639 4461 potestas
665 4376 844 4461 singularis,
870 4381 1013 4465 operatio
1037 4383 1267 4470 inseparabilis,
1293 4387 1456 4453 fatebatur
