3625 5317
475 774 539 833 050
734 786 870 831 ioannis
886 782 1167 829 saansnnarnnsrs

562 934 736 1003 Abaulram
753 934 882 1022 paucis:
906 946 955 999 est
968 954 1102 1019 operosa
1115 932 1240 999 nimis.”
1364 940 1430 1000 850

476 1036 587 1103 Multa
602 1037 713 1122 legunt
729 1048 762 1103 d
777 1034 879 1103 mults
895 1034 1011 1099 docent
1025 1034 1262 1121 prohibentque
1276 1036 1385 1122 vagari

565 1137 759 1223 Discipulos,
774 1149 891 1223 urgent
908 1136 999 1213 scire,
1014 1135 1065 1199 vel
1080 1158 1149 1203 esse
1163 1136 1263 1214 dorni,

479 1240 604 1326 Ingenii
619 1240 703 1303 vires
718 1250 864 1325 pensant,
880 1260 1093 1323 mensuraque
1107 1238 1231 1303 cunctis

564 1346 588 1408 Α
605 1341 736 1409 doctore
750 1340 848 1407 datur
864 1339 987 1405 viribus
1000 1354 1078 1425 apta
1092 1340 1170 1405 suis.

475 1440 592 1506 Nullus
609 1440 760 1507 adulatur
774 1440 956 1517 doctorum,
972 1462 1104 1504 munera
1118 1439 1227 1505 nullus
1365 1447 1428 1506 855

564 1544 683 1618 Donat,
700 1555 735 1607 ut
751 1542 880 1609 auditor
894 1540 982 1607 illius
995 1564 1063 1605 esse
1079 1540 1170 1606 velis.

475 1644 537 1711 Sed
553 1666 610 1710 nec
625 1644 713 1731 apud
728 1656 850 1709 veteres
864 1640 1073 1708 confunditur
1086 1643 1166 1708 ordo
1182 1642 1321 1728 legendi,

563 1747 713 1832 Namque
744 1742 882 1828 gradum
915 1743 1082 1830 proprium
1112 1767 1252 1831 quaeque
1280 1745 1429 1811 decenter

693 1847 830 1913 habent:

776 1948 829 2012 Dc
842 1947 959 2013 ordine
973 1948 1128 2013 discendi.

476 2046 724 2113 Grammaticanr
741 2048 889 2133 sequitur
903 2045 1088 2131 diasyrtica,
1102 2047 1263 2133 synthesis
1275 2047 1376 2127 illam,

565 2148 661 2213 Lexis
676 2172 756 2225 cam,
773 2148 873 2213 rhesis
887 2147 1062 2235 posteriore
1076 2148 1194 2233 gradu.
1367 2156 1428 2215 800

477 2248 540 2313 His
554 2250 710 2337 gradibus
725 2272 868 2315 crescens
882 2249 1032 2315 facundia
1049 2250 1191 2336 possidet
1205 2272 1310 2316 arcem

564 2354 611 2417 Et
626 2350 729 2415 varias
743 2364 829 2417 ortes
843 2353 965 2438 absque
979 2351 1089 2416 labore
1102 2351 1209 2418 docet.

478 2452 610 2539 Eloquii
626 2452 741 2539 siquis
757 2453 896 2539 perfecte
912 2455 1037 2519 noverit
1051 2467 1165 2534 artem,

565 2554 739 2632 Quodlibet
752 2576 896 2641 apponas
911 2553 1039 2640 dogma,
1055 2556 1179 2643 peritus
1193 2556 1263 2623 erit.

478 2658 611 2724 Transit
625 2658 666 2723 ab
682 2657 732 2723 his
747 2657 874 2725 tandem
891 2657 1006 2725 studiis
1020 2680 1153 2745 operosa
1162 2659 1321 2745 juventus
1367 2664 1429 2724 805

564 2760 674 2847 Pergit
690 2775 722 2827 et
737 2762 770 2826 in
787 2761 889 2825 varias
903 2760 1159 2848 philosophando
1174 2764 1253 2838 vias,

478 2864 560 2941 Qua
576 2877 680 2929 tamen
696 2863 737 2929 ad
753 2864 848 2953 finern
863 2863 999 2929 tendunt
1014 2862 1215 2938 concorditer
1233 2886 1345 2941 unum,

566 2966 676 3031 Unum
694 2987 832 3052 namque
847 2977 944 3051 capot
961 2962 1170 3050 Philosophia
1182 2964 1277 3047 gerit.

478 3067 600 3132 Rerum
617 3083 746 3135 naturas
761 3078 955 3144 scrutantur,
971 3066 1051 3153 quid
1066 3070 1107 3132 sit
1124 3067 1304 3144 honestum,

565 3169 724 3255 Undeque
739 3170 905 3255 proveniat
923 3169 990 3233 vita
1004 3168 1098 3233 mats
1111 3168 1186 3249 sibi,
1369 3175 1431 3233 870

474 3270 653 3356 Inspiciuut
669 3270 751 3333 vires
766 3280 814 3334 est
829 3270 932 3337 stricti
943 3271 1029 3356 juris
1043 3284 1076 3341 et
1091 3271 1188 3356 aequi,

561 3370 656 3437 Senis
670 3383 726 3437 aut
741 3372 837 3457 oegris
852 3372 931 3457 qnid
947 3372 1106 3437 medicina
1120 3373 1216 3441 velet.

575 3474 670 3550 Quod
684 3474 796 3539 divina
807 3478 938 3557 pagina
952 3476 1102 3541 omnibus
1112 3479 1336 3560 principatur.

476 3574 585 3649 Quum
601 3588 731 3641 cunctas
745 3588 842 3656 artes,
856 3597 956 3662 quum
971 3576 1125 3663 dogmata
1137 3591 1253 3643 cuncta
1266 3579 1388 3666 perinte

380 3660 387 3674 ⁶
564 3678 711 3760 Noverit,
724 3678 892 3765 imperium
908 3679 1027 3765 pagina
1040 3701 1131 3745 sacra
1146 3693 1245 3747 tenet.

753 3780 782 3843 A
798 3782 916 3863 quihus
931 3784 1006 3845 laus
1019 3784 1138 3849 oritur.

475 3882 620 3959 Quatuor
636 3880 698 3943 ista
712 3878 815 3944 solent
831 3880 957 3946 laudem
974 3894 1128 3968 praestare
1141 3883 1277 3951 creatis:
1369 3891 1434 3951 875

565 3980 764 4067 subjectum,
781 3986 914 4069 species,
929 3984 1123 4071 artificisque
1137 4008 1262 4067 manus,

476 4082 567 4149 Finis
582 4082 671 4159 item,
687 4083 810 4149 cunctis
825 4085 880 4169 qui
898 4088 1026 4151 nomina
1040 4086 1137 4151 rebus
1151 4084 1297 4172 adaptat,
1368 4161 1374 4165 ⁵

563 4184 646 4248 Nam
663 4185 746 4251 bona
762 4186 810 4250 rel
827 4187 912 4251 mala
927 4200 1000 4251 sunt
1017 4188 1123 4251 omnia
1137 4187 1200 4252 fine
1216 4212 1287 4255 suo.

476 4286 631 4353 Materies
647 4285 743 4373 hujus
759 4288 848 4355 Deus
863 4300 923 4365 est,
938 4288 1114 4375 mundique
1128 4288 1286 4376 supellex,

563 4389 650 4467 Lux,
664 4412 683 4454 a
698 4412 762 4473 qua
777 4411 887 4453 verum
903 4387 1045 4471 ducitur,
1059 4404 1152 4456 ornat
1168 4412 1249 4459 earn.
1367 4398 1431 4459 880
