3625 5317
426 804 487 863 llo
669 814 804 859 ioannis
821 812 1099 858 sannsanamnsrs
1225 794 1308 873 [nm.
1325 812 1379 858 nr.

424 969 491 1032 rius
505 966 591 1029 dicta
606 966 679 1044 sint,
694 977 726 1028 et
740 988 802 1028 non
819 965 858 1028 sit
875 963 974 1028 nostri
991 961 1156 1049 propositi,
1171 964 1204 1025 in
1221 962 1281 1026 hoc
1295 985 1379 1049 opus

421 1066 570 1155 speciales
588 1069 832 1130 commentarios
847 1064 960 1129 lacere.
1007 1066 1080 1128 Hoc
1103 1064 1266 1129 tamenab
1284 1066 1376 1128 Aris·

422 1168 519 1235 totele
537 1168 702 1253 (quoniam
713 1166 921 1253 Porphyrius,
935 1189 1031 1254 quem
1042 1166 1168 1252 parvuli
1184 1179 1377 1252 sequuntur,

423 1269 511 1335 aliud
527 1269 652 1351 docuit)
669 1268 885 1355 adjiciendum
901 1282 993 1353 puto,
1009 1269 1160 1355 quoniam
1177 1268 1259 1333 sicut
1273 1290 1378 1353 genus

422 1370 567 1448 univoce,
580 1384 612 1435 et
627 1393 689 1435 non
705 1369 951 1450 denominative,
962 1372 1007 1433 sic
1022 1392 1080 1432 nec
1095 1367 1269 1433 secundum
1281 1368 1376 1454 quid,

423 1471 628 1557 praedicatur.
675 1470 771 1538 Unde
797 1481 932 1547 constat,
954 1492 1072 1555 corpus
1094 1492 1156 1533 non
1178 1492 1246 1534 esse
1273 1492 1377 1554 genus

420 1572 584 1638 animalis:
616 1574 660 1638 ait
684 1574 779 1651 enim,
801 1572 1080 1648 considerandum,
1110 1571 1134 1635 si
1158 1574 1191 1635 in
1213 1570 1376 1657 aliquibus

419 1676 597 1739 secundum
626 1675 705 1757 quid
729 1678 950 1758 participatur
974 1694 1105 1756 genus:
1136 1684 1174 1735 ut
1203 1671 1228 1734 si
1258 1671 1376 1735 animal

420 1776 551 1862 aliquod
567 1774 712 1841 sensibile
726 1774 773 1839 vel
786 1775 910 1841 visibile
922 1774 1059 1839 dicatur.
1104 1777 1188 1839 Nam
1199 1771 1376 1837 secundum

420 1876 502 1962 quid
524 1876 670 1941 sensibile
692 1880 743 1940 vel
766 1876 890 1940 visibile
919 1874 1039 1939 dicitur
1067 1872 1195 1949 animal,
1225 1873 1375 1937 nimirum

420 2000 554 2063 corpus:
577 1977 752 2043 secundum
774 1990 881 2040 autem
902 1975 1051 2050 animam,
1066 1998 1140 2039 nou.
1185 1976 1291 2051 Quare
1311 1997 1376 2038 non

420 2079 481 2141 erit
509 2098 612 2162 genus
642 2075 789 2140 sensibile
818 2075 869 2139 vel
899 2075 1020 2138 risibile
1048 2073 1202 2139 animalis
1254 2076 1373 2141 Latent

419 2192 527 2244 autem
549 2177 754 2265 quandoque,
775 2190 925 2242 ettotam
948 2175 979 2240 in
996 2190 1117 2262 partem
1141 2191 1311 2263 ponentes:
1335 2194 1374 2243 ut

419 2280 544 2343 aninrol
563 2300 675 2363 corpus
696 2279 852 2343 sensibile.
897 2279 1001 2343 Nullo
1022 2280 1104 2341 enim
1127 2277 1222 2342 modo
1238 2301 1311 2365 pars
1331 2280 1373 2344 de

421 2392 490 2446 toto
508 2380 711 2468 praedicatur.
759 2383 867 2456 Quare
881 2402 948 2445 non
962 2382 1026 2445 crit
1044 2401 1157 2463 corpus
1172 2401 1280 2464 genus
1297 2382 1372 2445 oni·

419 2484 525 2560 mulis,
552 2506 589 2547 eo
614 2481 702 2569 quod
726 2505 800 2569 pars
823 2497 883 2548 est.
927 2482 1051 2569 Utique
1077 2506 1177 2567 genam
1202 2505 1306 2560 omne,
1330 2482 1372 2548 de

419 2586 523 2671 specie
538 2608 649 2651 verum
672 2600 730 2660 est,
754 2583 847 2649 etde
869 2583 1056 2664 individuis,
1077 2585 1144 2649 sine
1166 2585 1372 2650 translatione

419 2700 452 2752 et
474 2688 588 2772 ligura.
649 2690 824 2773 Nunquam
856 2686 939 2751 enim
970 2687 1142 2773 improprie
1168 2686 1371 2773 praedicatur,

419 2790 569 2876 quoniam
593 2788 680 2855 nulla
701 2787 887 2852 familiarior
908 2801 957 2852 est
981 2787 1153 2873 assignatio
1173 2809 1271 2872 quam
1294 2787 1372 2850 sub·

419 2890 555 2967 stantiae,
571 2909 645 2975 quae
659 2889 691 2953 in
706 2911 822 2973 genere
836 2905 868 2953 et
883 2892 988 2974 specie
1007 2887 1178 2952 rectissime
1193 2885 1371 2973 judicatur.

420 2991 548 3078 Corpus
576 3005 681 3058 sutem
712 2991 753 3056 de
783 2990 921 3067 homine,
948 2990 1117 3075 figurative
1151 2989 1279 3067 scilicet,
1313 3011 1370 3074 per

418 3094 645 3178 synecdochen
668 3092 796 3158 dicitur.
842 3096 895 3157 Ex
918 3113 985 3179 qno
1007 3090 1120 3177 liquet,
1141 3092 1230 3177 quod
1251 3090 1307 3178 qui
1327 3090 1371 3155 ob

419 3194 515 3258 unius
529 3196 629 3279 partis
645 3194 834 3259 evidentiam
848 3216 964 3279 corpus
979 3193 1108 3269 dicitur,
1123 3193 1207 3257 idem
1222 3207 1254 3258 et
1265 3192 1389 3256 anima'

418 3294 480 3357 dici
503 3306 619 3379 potest,
634 3298 676 3358 ob
698 3294 828 3358 alterius
850 3292 1050 3377 dignitatem.
1097 3292 1160 3355 Sed
1184 3293 1371 3357 minutiores

417 3392 611 3478 philosophi,
626 3414 699 3455 cum
723 3390 913 3476 porphyrio,
936 3391 1024 3476 vulgi
1047 3406 1226 3478 sequuntur
1242 3393 1369 3476 opinio·

418 3516 504 3557 nem:
518 3492 574 3579 qui
584 3492 649 3555 fere
659 3492 692 3556 id
709 3491 810 3556 solum
824 3492 987 3555 consuevit
998 3492 1186 3577 approhare,
1197 3491 1286 3576 quod
1297 3514 1368 3555 sen-

419 3593 507 3659 sibus
531 3606 630 3680 patet.
676 3593 770 3657 Plato
794 3604 915 3668 autem,
931 3605 1043 3657 ettam
1066 3591 1368 3678 Stoicorum,quam

419 3695 702 3782 Peripateticorum
734 3694 862 3779 dogma,
890 3694 1050 3758 hominem
1072 3692 1189 3757 rectius
1218 3694 1368 3773 animam,

416 3820 511 3883 quam
524 3820 638 3884 corpus
648 3798 711 3861 dici
723 3796 874 3863 declarat.
899 3796 1005 3870 Quam
1018 3798 1368 3882 sequutussententiam

417 3898 550 3961 Marcus
574 3896 705 3963 Tullius
726 3898 758 3961 in
779 3896 862 3962 libro
877 3897 918 3962 de
937 3897 1112 3984 republica,
1134 3900 1200 3963 ait:
1230 3899 1284 3962 Tu
1298 3917 1367 3963 non

416 4002 496 4076 cris,
508 4003 741 4081 qucrneatcrior
741 4002 863 4083 figura
872 3998 1092 4082 denigrantem
1100 4021 1187 4062 mens
1197 4000 1366 4085 cujusque,

415 4103 443 4166 is
457 4113 505 4165 est
520 4100 666 4187 quisque.
712 4102 907 4167 Ductoribus
919 4124 1048 4189 quoque
1059 4098 1224 4179 Ecclesiae,
1240 4106 1367 4187 Augus-

415 4204 495 4279 tino,
509 4217 541 4266 et
553 4200 684 4277 caeteris,
696 4201 730 4265 id
738 4200 844 4287 ipsum
856 4199 987 4287 placuit.
1025 4201 1133 4287 Siquis
1142 4202 1216 4266 hinc
1227 4201 1367 4282 dubitat,

416 4303 501 4389 legat
515 4304 699 4389 scripturas,
715 4327 789 4388 quae
805 4304 1018 4391 principatum
1035 4305 1198 4391 personale
1211 4305 1366 4390 quodam-

416 4405 510 4471 modo
525 4406 637 4471 animae
653 4406 821 4472 tribuunt:
846 4419 876 4471 et
892 4429 1008 4492 corpus
1020 4407 1158 4493 hospitio
1172 4420 1367 4491 comparant,
