3625 5317
437 754 479 812 26
699 760 837 807 rosusrs
853 758 1135 805 ssausosarsums
1271 742 1353 822 [rm.
1370 761 1394 806 1.

433 916 551 1003 opibus
565 913 712 1001 pollent?
739 910 809 987 Qui
832 922 917 987 sunt,
933 911 989 996 qui
1013 908 1196 995 praevalent*
1212 909 1345 988 viribus,
1362 924 1396 976 et

434 1016 468 1079 in
482 1012 631 1079 omnibus
645 1012 808 1099 negotium
824 1012 981 1087 obtinent,
998 1009 1058 1074 nisi
1073 1009 1281 1097 eloquentes?
1308 1014 1393 1076 Nam

435 1131 473 1183 ut
495 1117 610 1183 Cicero
629 1128 678 1180 est
697 1126 820 1189 auctor,
835 1113 916 1178 nihil
933 1126 982 1178 est
1002 1126 1068 1177 tam
1088 1111 1286 1201 incredibile,
1306 1112 1394 1198 quod

435 1241 497 1283 non
517 1216 653 1282 dicendo
667 1216 723 1281 liat
744 1216 927 1300 probabile:
956 1214 1036 1279 nihil
1051 1228 1117 1279 tam
1140 1215 1347 1291 horrendum,
1362 1227 1395 1279 et

435 1320 603 1399 incultum,
618 1318 707 1405 quod
721 1340 785 1382 non
801 1317 1000 1403 splendescat
1020 1316 1175 1396 oratione,
1189 1328 1223 1379 et
1238 1315 1395 1402 quodam-

435 1420 533 1485 modo
553 1432 762 1495 mansuescat,
780 1433 943 1506 tamquam
966 1416 993 1480 si
1012 1417 1188 1482 excolatur.
1233 1417 1299 1495 Qui
1318 1438 1396 1503 ergo

435 1522 516 1587 tanti
531 1520 605 1586 boui
618 1532 818 1607 contemptor
832 1530 891 1599 est,
902 1517 1156 1582 manifestissime
1166 1515 1295 1602 desipit.
1329 1518 1395 1594 Qui

434 1638 541 1690 autem
562 1622 678 1708 diligit,
693 1622 757 1687 imo
772 1645 805 1686 se
827 1622 961 1705 diligere
977 1620 1116 1694 simulat,
1132 1634 1165 1685 et
1186 1643 1250 1684 oon
1265 1618 1394 1695 excolit,

434 1724 527 1791 nimis
541 1724 705 1811 negligens
719 1738 778 1802 est,
794 1736 826 1789 et
841 1721 1041 1809 desipientia
1054 1720 1229 1807 proximus.

457 1899 539 1982 Cap.
552 1903 583 1962 8.
608 1898 702 1972 Quod
715 1903 839 1960 notura
848 1894 1001 1975 juvando
1015 1899 1064 1956 est
1077 1912 1153 1966 usu,
1167 1898 1199 1955 ct
1212 1893 1373 1955 coercitio.

479 2024 659 2087 Caranum
688 2019 770 2084 hanc
800 2018 973 2104 aliquando
998 2018 1168 2100 habituris,
1192 2017 1293 2102 gratis
1323 2018 1394 2104 ipsa

435 2133 551 2187 natura
565 2118 718 2205 largitur:
747 2132 779 2183 et
795 2140 857 2183 non
878 2117 1049 2194 habituris,
1057 2140 1132 2191 ,eam
1154 2133 1264 2202 negat,
1278 2130 1311 2182 et
1323 2140 1395 2203 per-

435 2220 719 2312 petuosubtrahit:
735 2234 772 2286 ut
782 2218 905 2307 liquido
914 2232 1048 2299 constet,
1057 2241 1186 2305 operam
1199 2219 1394 2295 ulteriorem,

435 2336 492 2391 sut
507 2324 630 2389 inanem
646 2344 724 2401 esse,
738 2334 795 2387 sut
810 2344 1049 2408 supervacuam.
1093 2320 1203 2397 Quare
1217 2344 1306 2406 ergo,
1319 2322 1394 2386 doc-

436 2425 548 2492 tissimi
564 2423 778 2504 Cornificiam,
793 2424 939 2509 peritiam
954 2425 1098 2488 omnium
1114 2446 1177 2488 non
1192 2422 1318 2489 habetis
1332 2421 1393 2488 lin·

435 2528 595 2614 guarum?
621 2524 730 2600 Quare
745 2548 807 2590 non
823 2524 934 2589 saltem
952 2527 1125 2591 Hebraeum
1137 2526 1260 2590 nostis?
1283 2549 1393 2612 quam,

436 2643 474 2695 ut
489 2630 590 2707 munt,
606 2640 722 2693 natura
743 2650 856 2715 parens
871 2626 1058 2714 primigenis
1079 2628 1224 2704 tradidit,
1238 2640 1272 2692 et
1285 2632 1394 2712 generi

435 2730 632 2797 conservavit
655 2731 806 2807 humano,
822 2730 923 2793 donec
944 2730 1099 2794 unitatem
1121 2730 1214 2794 scidit
1235 2729 1392 2817 impietas,

435 2847 467 2899 et
483 2834 668 2901 confusione
690 2832 871 2919 linguarum
896 2845 1057 2918 prostratu
1076 2845 1124 2897 est
1140 2832 1246 2908 elatio,
1262 2854 1339 2919 quer
1359 2835 1392 2898 in

435 2936 550 3003 coelum
577 2936 796 3011 conscendere,
819 2956 882 2999 non
906 2934 1037 3015 virtute,
1059 2933 1114 2998 sed
1138 2933 1261 2999 viribus
1283 2936 1392 3001 molie-

434 3040 540 3116 batur,
556 3049 644 3104 turre
659 3052 852 3104 constructa.
887 3038 994 3115 Quare
1005 3059 1067 3101 non
1081 3035 1174 3111 hanc,
1186 3058 1261 3122 quae
1271 3038 1394 3103 caeteris

435 3140 611 3205 naturalior
624 3152 685 3214 est,
701 3152 738 3203 ut
759 3141 804 3202 sic
819 3136 957 3213 dicatur,
972 3150 1089 3201 natura
1109 3138 1241 3204 docente
1256 3139 1395 3234 loquun-

436 3240 513 3306 turl
543 3241 605 3303 Est
625 3252 732 3303 autem
756 3250 881 3313 natura,
898 3251 935 3301 ut
958 3239 1153 3323 quibusdam
1175 3240 1290 3326 placet,
1307 3241 1391 3321 (licet

435 3362 504 3405 eam
520 3340 560 3404 sit
580 3337 712 3403 delinire
730 3335 880 3420 difficile)
897 3336 945 3401 vis
960 3339 1108 3425 quadam
1127 3342 1280 3426 genitiva,
1295 3343 1391 3421 rebus

436 3442 584 3507 omnibus
598 3439 705 3515 insita,
720 3463 760 3504 ex
775 3462 840 3526 qua
855 3440 958 3504 lacere
973 3440 1021 3504 vel
1037 3444 1103 3526 pati
1119 3457 1264 3529 possunt.
1294 3443 1392 3508 Geni-

435 3546 499 3611 tiva
519 3556 626 3609 autem
648 3539 778 3620 dicitur,
794 3566 832 3606 eo
853 3542 940 3629 quod
964 3543 1063 3629 ipsam
1088 3568 1138 3608 res
1159 3566 1299 3632 quoeque
1320 3568 1393 3609 coo·

435 3647 553 3725 trahat,
566 3669 585 3709 a
599 3668 695 3710 causa
706 3668 773 3710 suae
783 3646 1008 3731 generationis,
1019 3661 1051 3711 et
1066 3647 1157 3710 abeo
1170 3647 1259 3733 quod
1274 3647 1393 3734 cuique

435 3762 483 3814 est
503 3748 695 3835 principium
715 3747 891 3812 existendi:
924 3769 973 3811 res
991 3748 1076 3812 enim
1101 3749 1287 3836 quoelibets
1308 3772 1392 3814 com-

434 3852 627 3940 ponentibus
650 3852 819 3927 controhit,
844 3851 929 3916 unde
952 3853 993 3915 ad
1018 3852 1079 3916 boc
1102 3865 1178 3937 apta
1201 3854 1252 3929 sit,
1274 3854 1324 3917 vel
1350 3851 1392 3917 ad

435 3952 535 4018 illud:
563 3952 630 4019 sive
644 3952 867 4038 componentia
886 3953 1026 4039 partium
1043 3955 1170 4018 nomine
1190 3968 1392 4029 censeantur,

435 4056 501 4121 sive
520 4053 670 4119 accedant
690 4054 729 4123 ud
751 4055 905 4140 originem
929 4053 1070 4121 materia
1090 4071 1122 4121 et
1142 4057 1273 4121 forme:
1306 4071 1342 4121 ut
1357 4058 1391 4119 in

435 4154 642 4244 simplicibus,
658 4178 732 4241 quae
752 4158 1020 4225 coacervationem
1037 4158 1178 4244 partium
1199 4181 1261 4222 nou
1277 4157 1394 4223 admit-

435 4274 525 4334 tunt;
549 4261 616 4323 sive
627 4260 709 4322 ratio
720 4260 929 4346 componendi
944 4261 984 4323 ad
997 4260 1094 4324 solius
1105 4261 1223 4326 divinar
1239 4260 1392 4325 bonitatis

435 4361 596 4427 decretum
609 4360 747 4425 accedat.
779 4365 862 4427 Nam
876 4376 907 4425 et
923 4360 992 4424 bruc
1003 4364 1071 4445 ipsa
1086 4362 1190 4447 prima
1200 4374 1316 4427 natura
1331 4374 1391 4435 est,
