3625 5317
461 783 499 842 16
719 794 855 842 scaurus
871 793 1152 861 sanasnnruansrs
1290 778 1373 855 [tra.
1390 796 1413 840 t.

458 946 645 1012 liberalibus
673 944 856 1032 disciplinis,
885 945 978 1010 litera
1006 944 1085 1008 nibil
1118 958 1198 1021 erat,
1228 959 1260 1011 ct
1295 946 1416 1033 ubique

458 1050 590 1135 spiritus
614 1049 833 1136 quaerebatur,
857 1048 926 1136 qui,
956 1060 992 1110 ut
1018 1051 1120 1123 aiunt,
1149 1047 1227 1114 latet
1254 1048 1285 1112 in
1312 1048 1416 1112 litera.

459 1151 579 1236 Hylam
592 1174 658 1215 esse
668 1152 709 1215 ab
723 1149 875 1230 Hercule,
887 1148 1030 1213 validum
1047 1148 1165 1213 scilicet
1177 1165 1415 1234 argumentum,

457 1274 476 1315 a
490 1251 565 1315 forti
580 1264 612 1315 et
632 1251 764 1316 robusto
779 1263 1037 1334 argumentatore
1057 1263 1231 1335 potestates
1245 1250 1416 1329 vocalium,

456 1353 601 1440 quinque
616 1354 692 1439 jura
715 1376 903 1437 regnorum
934 1352 1018 1417 etin
1040 1351 1126 1415 bunc
1148 1352 1278 1416 modum
1301 1352 1417 1416 docere

457 1454 573 1531 omnia,
590 1454 733 1520 studium
752 1452 839 1518 illius
858 1454 964 1519 aetatis
983 1467 1061 1518 erat.
1109 1451 1295 1518 insolubilis
1314 1454 1417 1518 inilia

456 1555 754 1643 Philosophantium
776 1556 882 1621 schola
897 1568 974 1619 tunc
995 1556 1147 1642 temporis
1161 1558 1299 1642 quaestio
1319 1557 1416 1621 habe·

457 1659 564 1740 batur,
575 1678 613 1725 an
631 1680 755 1747 porcus,
768 1659 824 1745 qui
836 1658 877 1723 ad
891 1655 1082 1722 venalitium
1096 1658 1214 1741 agitur,
1224 1660 1265 1723 ab
1277 1659 1415 1739 homine,

457 1784 497 1826 an
518 1784 537 1827 a
556 1761 700 1827 funiculo
723 1775 880 1828 teneatur.
926 1760 1022 1837 Item,
1041 1781 1080 1822 an
1102 1762 1269 1845 capucium
1291 1762 1414 1839 emerit,

457 1865 514 1951 qui
552 1887 684 1951 cappam
724 1865 879 1949 integram
919 1860 1127 1947 compararit.
1187 1863 1415 1928 Inconveniens

457 1988 588 2053 prorsus
607 1978 675 2030 erat
694 1966 808 2045 oratio,
822 1964 854 2027 in
874 1986 940 2049 qua
954 1965 1022 2028 haec
1043 1964 1151 2042 verba,
1166 1967 1366 2043 couveniens,
1382 1981 1414 2031 et

457 2065 679 2131 inconveniens
700 2080 937 2149 argumentum,
950 2078 983 2130 et
1005 2066 1088 2131 ratio
1110 2087 1172 2129 non
1194 2070 1412 2153 perstrepebat

458 2167 677 2255 multiplicatis
692 2165 857 2254 particulis
875 2167 1042 2251 negativis,
1057 2182 1090 2232 et
1109 2168 1248 2253 trajectis
1263 2192 1321 2254 per
1335 2192 1412 2245 asse,

457 2281 491 2336 et
514 2293 577 2334 non
597 2292 673 2349 esse,
694 2270 739 2334 ita
759 2285 795 2334 ut
811 2268 933 2334 calculo
952 2293 1034 2357 opus
1055 2285 1146 2352 esset,
1161 2274 1288 2358 quoties
1307 2271 1414 2336 fuerat

457 2372 698 2460 disputandum.
729 2372 882 2459 Alioquin
899 2372 948 2438 vis
959 2373 1176 2438 affirmationis
1190 2388 1221 2438 et
1235 2375 1411 2459 negationis

437 2487 527 2540 -crat
555 2475 725 2559 incognita.
771 2478 854 2539 Nam
885 2475 1076 2562 plerumque
1105 2474 1323 2541 affirmationis
1348 2480 1410 2541 vim

458 2577 555 2643 habet
580 2578 740 2663 geminata
764 2577 910 2661 negatio:
942 2578 1086 2663 itemque
1111 2575 1158 2641 vis
1182 2577 1346 2662 negatoria
1370 2578 1411 2643 ab

458 2681 571 2767 impari
594 2700 726 2744 numero
752 2680 953 2745 convalescit.
1000 2679 1163 2765 Siquidem
1194 2679 1321 2765 negatio
1347 2680 1414 2768 ple-

457 2806 595 2871 rumque
617 2783 741 2861 iterata,
764 2782 897 2868 seipsam
925 2782 1073 2869 perimor
1105 2796 1137 2846 et
1159 2781 1413 2863 contradictioni,

457 2885 539 2952 sicut
555 2885 741 2972 regulariter
755 2884 919 2971 proditum
940 2897 1000 2958 cst,
1018 2898 1216 2969 coaequatur.
1261 2885 1310 2948 Ut
1325 2908 1412 2968 ergo,

456 2990 525 3074 pari
548 2989 618 3053 loco
642 3012 681 3053 an
707 2988 819 3073 impari
848 3000 1002 3066 versetur,
1023 2985 1217 3071 deprehendi
1240 3001 1349 3072 queat,
1372 2986 1413 3050 ad

457 3090 713 3177 disceptationes,
724 3089 887 3155 collectam
903 3090 1010 3155 fabam
1026 3090 1058 3152 et
1074 3089 1173 3174 pisam
1189 3088 1324 3166 deferre,
1339 3113 1414 3176 quae

457 3191 715 3267 conveniebatur,
751 3191 882 3255 consilio
917 3192 1071 3278 prudenti
1106 3207 1330 3270 consueverat3
1367 3196 1414 3256 ita

458 3291 589 3378 quidem
610 3292 636 3355 si
652 3289 826 3355 intellectui
847 3314 962 3369 rerum,
979 3316 1053 3380 quac
1073 3292 1265 3357 videbantur
1277 3292 1310 3355 iu
1326 3316 1414 3378 quaa-

457 3392 558 3459 stione
572 3394 701 3471 versari,
713 3415 840 3479 operam
856 3395 964 3460 dabat.
1000 3395 1182 3461 sufficiebat
1194 3393 1235 3459 ad
1248 3391 1412 3461 victoriam

456 3498 609 3562 verbosus
624 3496 752 3577 clamor,
763 3513 795 3562 et
811 3496 868 3583 qui
885 3498 1096 3584 undecunque
1110 3498 1232 3586 aliquid
1245 3498 1412 3578 inferebat,

455 3599 496 3663 ad
527 3598 680 3685 propositi
709 3600 914 3685 perveniebat
945 3615 1071 3664 metam.
1118 3601 1237 3681 Poetae,
1267 3600 1412 3664 historio-

454 3700 580 3786 graphi,
605 3701 806 3766 babebantur
831 3700 978 3784 infames,
1002 3715 1035 3767 et
1061 3703 1087 3765 si
1111 3702 1184 3788 quis
1207 3701 1412 3767 incumbebat

455 3802 618 3866 laboribus
640 3804 856 3888 antiquorum,
873 3803 1055 3884 notabatur,
1070 3816 1101 3867 et
1123 3825 1184 3866 non
1207 3803 1302 3866 modo
1317 3804 1414 3866 asello

456 3902 605 3966 Arcadiae
635 3902 766 3982 tardior,
792 3902 846 3966 scd
872 3903 1018 3967 obtusior
1047 3904 1190 3992 plumbo,
1217 3904 1266 3968 vel
1295 3904 1412 3990 lapide,

454 4002 602 4068 omnibus
617 4018 684 4069 erat
707 4006 738 4067 iu
756 4003 862 4067 risum.
910 4006 981 4068 Suis
1000 4005 1094 4080 euim,
1111 4018 1166 4068 aut
1190 4008 1334 4089 magistri
1350 4008 1411 4080 sui,

454 4106 591 4193 quisquc
617 4105 819 4170 incumbebat
846 4104 992 4170 inventis.
1046 4107 1112 4169 Nec
1138 4106 1197 4169 boc
1224 4122 1330 4170 tamen
1356 4105 1412 4169 diu

453 4209 598 4274 licitum:
630 4228 731 4292 quum
760 4206 820 4293 ipsi
847 4207 1009 4271 auditores
1031 4207 1064 4270 in
1090 4207 1175 4270 brevi
1198 4210 1411 4272 coerrantium

452 4310 578 4395 impetu
609 4322 806 4395 urgerentur,
836 4323 872 4374 ut
899 4324 930 4371 et
961 4309 1033 4395 ipsi,
1060 4310 1176 4394 spretis
1206 4308 1267 4385 his,
1292 4332 1367 4395 quae
1393 4330 1413 4371 a

453 4412 638 4476 doctoribus
667 4411 730 4475 suis
765 4410 943 4489 audierant,
973 4411 1138 4489 cuderent,
1168 4426 1199 4475 et
1241 4412 1411 4475 conderent
