3625 5317
698 1268 864 1345 INDEX
892 1266 1138 1345 CAPITUM.

765 1600 886 1654 LIBER
905 1599 1067 1653 PRIMUS.

458 1716 482 1767 1.
500 1716 673 1771 Gsnosse'rs
684 1735 742 1787 quse
753 1724 782 1771 ut
792 1717 935 1771 Cornificio
946 1735 993 1771 suo
1004 1716 1208 1787 responderetur,
1219 1718 1336 1769 extorsit.

458 1802 485 1854 2.
502 1802 652 1875 Descriptio
663 1820 779 1875 persouer
789 1820 926 1876 suppresso
936 1802 1050 1855 nomine.

455 1885 482 1940 3.
501 1888 625 1953 Quando,
636 1888 755 1959 qualiter,
767 1896 794 1943 et
805 1907 822 1942 a
833 1890 928 1959 quibus
938 1887 1017 1942 fuerit
1028 1888 1171 1941 institeritis.

455 1973 481 2024 4.
498 1972 621 2036 Qualiter
631 1976 760 2028 evaserint
772 1981 903 2028 consortes
916 1975 1016 2028 erroris.

455 2060 481 2110 ὅ.
498 2058 610 2121 Quantis
621 2060 692 2125 viris,
704 2066 732 2113 et
743 2078 787 2114 cur
799 2058 899 2113 familie
910 2059 956 2113 ille
968 2059 1105 2113 detrahere
1117 2059 1221 2112 audeat.

453 2143 480 2197 6.
497 2144 603 2208 Quibus
613 2146 758 2199 rationibus
770 2147 876 2199 nitatur.

454 2230 478 2287 7.
498 2230 540 2285 De
553 2230 787 2286 Commendatione
798 2231 961 2301 eloquentiae.

453 2316 481 2371 8.
499 2318 579 2381 Quod
590 2324 683 2372 nebus
690 2319 807 2392 juvenda
819 2324 868 2385 est,
879 2336 930 2373 usu
941 2325 968 2372 et
979 2319 1114 2373 exercitia

452 2403 479 2456 9.
496 2402 575 2467 Quod
586 2404 704 2457 homines
715 2404 805 2457 nititur
816 2402 935 2473 elingues
945 2404 1042 2469 secere,
1053 2404 1098 2474 qui
1108 2402 1221 2472 logicam
1232 2403 1378 2475 impugnat.

438 2488 478 2541 10.
496 2488 570 2553 Quid
581 2489 711 2559 significet
722 2507 815 2543 nomen
832 2490 940 2558 logica:
962 2496 990 2543 et
998 2491 1070 2560 quod
1081 2506 1170 2543 omues
1182 2499 1253 2542 artes
1263 2488 1387 2553 colendas,

540 2576 591 2628 nisi
603 2575 740 2648 reprobata
750 2576 810 2628 siut.

437 2660 477 2715 11.
496 2660 569 2725 Quid
585 2678 641 2715 ers:
659 2666 688 2713 et
704 2661 737 2715 de
749 2654 890 2733 Speciebus
907 2660 1079 2728 ingeniorum,
1090 2666 1119 2713 et
1136 2659 1205 2729 quod
1221 2659 1322 2713 urtibus
1338 2678 1385 2714 ex·

539 2746 648 2801 colende
659 2752 729 2800 sunt.

436 2830 477 2884 12.
496 2830 576 2884 Unde
587 2836 656 2884 artes
667 2831 785 2884 dieautvu
796 2830 927 2885 liberales.

435 2916 477 2969 13.
495 2915 575 2969 Unde
587 2916 687 2969 dicetur
699 2915 886 2968 Grammatice.

435 3000 477 3053 14.
494 2999 576 3064 Quod
586 3001 652 3070 ipse,
664 2998 715 3051 etsi
726 2996 852 3051 naturalis
862 3016 915 3052 nou
927 2999 970 3064 sit,
981 3003 1102 3051 murrum
1112 2998 1236 3051 minem.

434 3085 476 3139 1⁵.
495 3084 575 3149 Quod
586 3084 713 3156 adjective
728 3083 848 3137 secunde
858 3084 1030 3157 impositionis
1048 3083 1216 3137 substantivis
1231 3084 1321 3156 primse
1331 3102 1383 3138 nou

535 3176 598 3242 epte
608 3168 770 3241 copulentur,
781 3174 810 3223 ut
822 3186 903 3240 equus
915 3171 1116 3243 patronymicus.

433 3257 474 3310 16.
493 3255 572 3320 Quod
583 3256 711 3328 adjective
721 3254 821 3326 primae,
832 3255 1002 3309 substantivis
1012 3255 1102 3327 primis
1109 3255 1264 3328 junguntur.

433 3342 474 3403 17.
492 3342 571 3406 Quod
583 3344 649 3396 etin
660 3342 761 3415 poetice
770 3346 889 3395 neburam
900 3341 1024 3395 imitetur.

432 3426 474 3480 18.
492 3427 566 3491 Quid
577 3426 650 3496 sequi
661 3426 763 3490 deeset,
774 3430 803 3478 et
813 3426 875 3495 quid
887 3427 970 3479 vitare
980 3426 1159 3494 grammatica.

432 3512 473 3567 19.
491 3512 571 3576 Quod
582 3511 724 3581 flgvrrerum
734 3510 854 3584 perutilis
863 3518 906 3565 est
916 3512 1039 3580 cognitio.

430 3596 472 3649 20.
491 3596 524 3649 Iu
536 3596 629 3667 quibus
641 3594 844 3649 Grammaticum
855 3601 974 3668 oporteat
983 3596 1112 3667 occuperi.

430 3681 472 3735 21.
493 3682 608 3745 Quantis
619 3682 681 3735 viris
691 3680 830 3753 placuerit;
848 3684 875 3734 et
886 3680 955 3750 quod
971 3681 1028 3734 sine
1042 3699 1074 3734 ee
1085 3698 1135 3734 nou
1147 3682 1233 3750 magis
1244 3685 1303 3752 quis
1316 3683 1377 3736 Phi·

533 3766 663 3838 loeophari
674 3772 769 3838 potest,
781 3783 858 3835 quem
870 3766 893 3819 ei
904 3766 940 3819 eit
950 3767 1042 3821 surdus
1053 3773 1099 3820 eut
1110 3774 1206 3821 mutare.

431 3854 472 3907 22.
491 3854 571 3917 Quod
582 3852 735 3905 auctoritate
748 3851 853 3904 Seneeoe
862 3868 940 3905 suum
950 3857 1055 3906 tueatur
1064 3869 1186 3906 errorem

431 3938 473 3991 23.
492 3938 561 4001 Ques
577 3936 705 4009 precipua
720 3936 774 3989 sint
788 3936 823 3989 ed
838 3936 991 3989 exercitium
1004 3934 1179 4009 Philosophiae
1191 3943 1218 3990 et
1228 3939 1340 4002 virtutis,
1351 3946 1379 3991 et

534 4022 602 4092 quod
613 4022 783 4091 grammatice
795 4026 837 4075 est
847 4038 936 4075 eorum
948 4019 1153 4075 firndemeutum.

431 4108 464 4161 24
482 4108 524 4161 De
535 4126 584 4161 usu
594 4107 710 4176 legendi,
722 4112 750 4161 et
764 4106 923 4179 praelegendi
936 4109 1121 4161 consuetudine
1140 4108 1268 4162 Bemardi
1280 4107 1378 4160 Cerno·

535 4194 625 4256 tensis,
637 4198 666 4247 et
676 4194 825 4263 sequacium
835 4195 899 4265 ejus.

428 4278 471 4332 25.
490 4277 617 4349 Epilogus
626 4277 713 4332 laudis
725 4278 910 4333 Grammaticoe
921 4296 956 4331 ex
968 4277 1142 4342 Quintiliano.

878 4406 936 4461 112
