3625 5317
714 803 791 848 vrrs
807 801 924 848 annum
940 800 1098 846 ansatur.
1300 784 1359 842 tol

407 947 542 1022 aderant
570 953 806 1020 contristantur.
858 949 998 1034 Rogavit
1025 949 1135 1036 itaque
1163 949 1364 1014 venerandus

409 1059 458 1124 vir
483 1057 653 1134 Edmerns,
677 1057 768 1141 cujus
791 1054 833 1120 ab
863 1052 954 1120 initio
980 1053 1104 1118 mentio
1129 1052 1214 1117 lacta
1242 1063 1302 1129 set,
1330 1063 1364 1116 ut

411 1161 580 1248 epiecopus
591 1181 645 1226 ree
656 1159 817 1226 inversum
826 1155 996 1222 violentius
1005 1167 1171 1221 excuteret
1183 1155 1217 1220 in
1232 1177 1364 1220 manum

411 1265 493 1350 ejus.
538 1261 712 1350 Aequiavit
737 1261 925 1347 episcopus;
964 1270 999 1324 et
1026 1281 1104 1324 ecce
1131 1258 1174 1323 de
1199 1280 1274 1324 vase
1298 1258 1366 1322 lara

410 1367 501 1433 arido
514 1365 619 1452 liquor
639 1364 742 1430 fluens
762 1363 795 1427 iu
816 1360 1014 1427 abundantia
1035 1361 1211 1444 subjectam
1234 1382 1366 1426 uranum

412 1467 567 1554 implerit.
603 1466 759 1530 Iteratum
770 1475 819 1530 est
833 1463 893 1528 hoc
907 1462 1048 1529 seeundo
1062 1475 1096 1529 et
1111 1463 1216 1543 tertio,
1226 1463 1370 1528 etatiam

413 1569 532 1656 saepius
561 1569 753 1656 repetitum3
785 1580 819 1633 et
848 1589 902 1634 vas
927 1566 1021 1632 fluxit
1048 1587 1175 1652 semper
1203 1566 1236 1630 in
1266 1565 1370 1630 abun·

416 1671 537 1738 dantia.
585 1669 839 1758 Erumpuntibus
861 1693 938 1756 ergo
959 1670 1097 1736 lacrimis
1118 1691 1186 1756 prae
1205 1668 1322 1754 gaudio
1336 1679 1371 1733 et

417 1773 642 1856 admiratione,
667 1786 770 1841 totum
800 1795 914 1860 corpus
943 1773 1045 1839 sancti
1067 1770 1127 1838 riri
1151 1773 1207 1859 qui
1237 1771 1370 1838 aderant

417 1876 560 1964 repetitis
584 1876 707 1944 vicibus
729 1887 958 1964 perunxerunt.
1003 1877 1072 1941 Cur
1098 1875 1186 1940 euim
1215 1875 1250 1939 in
1279 1885 1371 1938 tauta

420 1978 486 2046 Dei
500 1977 647 2062 largitate
662 1981 781 2065 seipsos
800 1979 963 2065 parcitatis
976 1989 1034 2043 aut
1046 1977 1188 2042 avaritie
1203 1976 1374 2043 redderent

418 2081 608 2167 arguendos.
655 2081 755 2148 Halia
771 2082 972 2148 ministrante
993 2080 1100 2146 oleum
1121 2081 1372 2168 multiplicatum

421 2198 455 2251 at
469 2185 658 2264 balsamum,
676 2196 713 2250 ut
727 2187 922 2272 obsequatur
943 2184 1111 2261 Auselmo,
1127 2184 1259 2271 suscipit
1271 2181 1376 2248 iucre-

421 2297 578 2355 mentum.
613 2287 758 2373 Dignum
774 2287 905 2374 quidem
920 2297 1004 2365 arat;
1019 2297 1056 2352 ut
1070 2309 1145 2352 caro
1158 2307 1255 2374 quem
1266 2285 1375 2350 vireas

420 2410 546 2454 servare
567 2389 733 2456 studuerat
747 2411 767 2454 a
781 2388 999 2476 rohrptatibus
1019 2390 1247 2476 incorruptam,
1267 2387 1376 2454 axani-

424 2503 513 2556 mata
527 2492 738 2579 corruptionis
753 2491 902 2578 injuriam
918 2515 982 2558 uon
998 2494 1140 2562 sentiret

463 2592 522 2658 Vir
536 2593 668 2681 quidam
685 2595 803 2661 Christi
818 2605 852 2660 et
865 2595 1022 2662 Ecclesiae
1037 2619 1131 2661 verus
1145 2598 1258 2674 cultor,
1273 2603 1307 2658 et
1320 2615 1377 2679 pro

420 2693 572 2760 facultate
582 2699 755 2762 subventor
763 2717 951 2780 pauperum,
961 2696 1100 2760 obeunte
1111 2711 1201 2781 patre
1212 2695 1378 2774 Auselmo,

424 2796 608 2864 Cantuariae
624 2795 666 2859 ed
680 2794 810 2859 fatalem
826 2806 861 2858 ut
875 2793 1046 2860 videbatur
1055 2808 1245 2884 pervenerat
1258 2795 1379 2863 horam.

422 2895 490 2962 Diu
505 2915 645 2983 namque
659 2893 836 2980 langueret.
872 2894 995 2970 Quoia
1010 2918 1157 2962 somnum
1177 2909 1309 2962 tenuem
1324 2919 1379 2984 pa-

422 3021 554 3087 rumper
565 2999 678 3077 soluto,
691 2998 780 3064 adest
789 2998 918 3085 juvenis
929 2999 1098 3088 speciosus,
1107 3011 1142 3066 et
1151 3001 1229 3089 qnid
1241 3001 1381 3089 patiatur

424 3103 566 3190 inquirit.
591 3105 636 3168 At
651 3102 723 3178 ille;
745 3107 767 3140 “
780 3101 831 3166 En
846 3101 993 3169 morior.’'
1016 3104 1078 3169 Cui
1088 3103 1226 3190 juvenis.
1250 3105 1381 3170 “Pater

423 3206 566 3292 patriae,’'
581 3205 696 3292 iuquit,
713 3215 735 3248 “
747 3206 942 3271 aeternaliter
955 3206 1096 3272 victurus
1116 3228 1202 3272 nunc
1217 3207 1321 3272 tendit
1340 3209 1382 3272 ad

424 3308 545 3388 Deum,
557 3320 637 3374 ettu
649 3307 803 3373 moreris?
828 3309 930 3395 Surge
946 3309 1019 3388 cito,
1031 3310 1217 3396 etglorifica
1228 3311 1337 3376 Deum
1349 3323 1383 3376 et

424 3410 565 3476 amicum
588 3409 734 3496 ejusqui
756 3409 815 3475 tibi
841 3411 990 3478 subvenit
1014 3426 1138 3498 patrem
1162 3412 1384 3482 anselmum?

426 3513 489 3578 His
503 3511 631 3594 auditis,
650 3511 705 3576 ille
728 3511 850 3577 cunctis
872 3514 1074 3599 stupentibus
1095 3515 1196 3599 surgit
1214 3528 1249 3579 et
1266 3515 1384 3600 gratias

425 3627 554 3681 acturus
573 3613 716 3681 concitus
736 3613 778 3679 ad
797 3613 964 3680 ecclesiam
987 3615 1102 3701 pergit,
1118 3626 1152 3680 et
1171 3614 1247 3702 quid
1270 3614 1386 3682 viderit

429 3717 559 3786 indicat.
584 3723 675 3786 Hora
686 3740 814 3807 quoque
829 3718 974 3805 ejusdem
986 3719 1136 3783 transitus
1150 3718 1183 3783 in
1195 3720 1387 3784 monasterio

426 3819 514 3884 beati
538 3821 711 3905 Augustini
733 3843 829 3908 super
851 3831 935 3886 statu
960 3819 1088 3904 gloriosi
1114 3820 1211 3908 petris
1235 3821 1388 3888 sollicitus

428 3919 528 3985 frater
541 3921 574 3985 in
590 3923 708 3988 visione
724 3923 806 3988 vidit
821 3924 862 3988 ad
877 3923 993 3988 ostium
1009 3945 1146 3988 camerae
1160 3924 1388 4010 archiepiscopi

428 4021 574 4088 albarum
606 4045 810 4109 personarum
841 4025 1093 4112 pulcherrimum
1121 4047 1271 4102 cuneum,
1298 4027 1389 4113 quasi

428 4123 563 4212 alicujus
575 4124 689 4190 exituri
701 4125 875 4192 adventurn
889 4150 963 4192 cum
976 4128 1132 4193 desiderio
1141 4127 1390 4215 prestolantem.

432 4227 575 4294 Praeerat
595 4228 642 4294 illi
669 4229 765 4294 choro
787 4229 970 4314 ingrediens
992 4247 1026 4295 et
1048 4230 1215 4316 egrediens
1237 4231 1391 4317 pontifex,

428 4329 541 4396 habitu
563 4343 596 4396 et
616 4331 754 4420 quadam
777 4333 943 4419 majestate
964 4333 1105 4420 insignis.
1144 4333 1221 4413 Hic,
1238 4335 1392 4400 Anselmo

434 4431 588 4516 obeunte,
613 4435 730 4502 festino
754 4435 851 4502 exirit
877 4449 911 4504 et
936 4439 998 4502 ait:
1034 4447 1055 4481 “
1069 4435 1154 4503 Ecce
1181 4438 1270 4503 adest
1295 4460 1393 4525 quern
