3625 5317
404 800 474 847 can.
490 783 575 864 xm]
752 796 996 843 usramercos.
1308 782 1351 841 to

401 950 488 1017 dicta
509 951 650 1037 itemque
673 948 797 1025 vitiosa,
824 970 885 1013 non
910 946 1091 1023 didicerint,
1118 968 1190 1011 raro
1211 943 1347 1022 lidelem,

401 1072 564 1138 nunquam
582 1072 656 1115 vero
677 1049 801 1115 facilem
824 1070 947 1125 eorum,
967 1070 1042 1133 quae
1060 1050 1180 1134 scripta
1199 1058 1285 1124 sunt,
1301 1050 1349 1112 in-

398 1148 605 1237 telligentiam
622 1164 819 1237 assequatur.

437 1353 516 1440 Cap.
535 1358 584 1418 19.
631 1354 724 1429 Quod
725 1355 922 1437 figurarum
936 1354 1085 1435 perutilis
1099 1359 1147 1417 ast
1159 1354 1307 1435 cognitio.

442 1489 610 1553 Drsromr
629 1500 662 1552 et
680 1500 802 1573 tropos,
816 1484 849 1550 id
865 1499 926 1563 est,
941 1488 1047 1551 modos
1059 1489 1295 1570 monadorum,
1312 1496 1348 1551 ut

401 1608 503 1674 quum
529 1609 549 1651 a
571 1588 701 1674 propria
726 1586 956 1672 significatione
985 1610 1027 1652 ex
1054 1610 1151 1651 causa
1178 1587 1349 1673 probabili,

398 1710 501 1752 sermo
529 1688 571 1751 ud
600 1710 662 1752 non
697 1688 859 1772 propriam
896 1687 1037 1752 trahitur
1065 1686 1346 1772 significationem:

398 1787 505 1875 qualis
526 1800 574 1852 est
600 1789 805 1873 metaphora,
833 1788 1047 1874 Metonymia,
1071 1800 1104 1853 et
1134 1787 1350 1873 synecdoche,

398 1903 430 1955 et
454 1888 585 1968 similes,
600 1912 681 1975 quas
703 1910 899 1967 enumerare,
919 1890 1052 1975 longum
1073 1900 1131 1955 est.
1178 1889 1240 1953 Sed
1262 1902 1295 1954 et
1317 1890 1351 1954 hi

398 1990 439 2055 ad
469 1990 600 2056 modum
641 1991 844 2056 Schematum
874 1990 1068 2077 privilegiati
1097 1999 1182 2066 sunt,
1212 2003 1245 2055 et
1275 1992 1352 2056 solis

399 2092 622 2159 eruditissimis
641 2106 730 2179 patet
752 2115 831 2159 usus
850 2114 979 2160 eorum:
1008 2092 1093 2157 unde
1112 2104 1145 2157 et
1166 2091 1218 2157 lex
1237 2115 1349 2159 eorum

400 2194 517 2260 arctior
538 2206 597 2276 est,
620 2218 684 2281 qua
709 2218 773 2259 non
799 2196 1032 2281 permittuntur
1060 2194 1187 2282 longius
1211 2196 1351 2282 evagari.

401 2296 606 2383 Regulan'ter
634 2297 720 2361 enim
755 2296 919 2384 proditum
951 2310 1012 2380 est,
1040 2298 1117 2384 quia
1145 2298 1266 2383 figuras
1295 2321 1351 2363 ex-

401 2397 531 2462 tendere
552 2420 615 2462 non
638 2398 723 2463 licet.
769 2398 802 2462 Si
825 2398 898 2484 quis
920 2396 1016 2464 etiam
1035 2399 1069 2463 in
1089 2398 1351 2465 translationibus

401 2510 433 2563 et
459 2498 570 2584 figuris
595 2513 761 2565 auctorum
789 2500 962 2566 studiosior
986 2498 1129 2565 imitator
1153 2514 1213 2576 est,
1239 2513 1350 2565 caveat

400 2622 440 2665 ne
455 2602 495 2667 sit
510 2599 594 2665 dura
612 2600 819 2667 translatione
832 2601 937 2689 ligura
957 2602 1086 2667 inculta
1140 2605 1248 2668 lictus
1264 2606 1351 2668 enim

398 2706 552 2768 ammonia
586 2707 707 2787 optima
737 2712 785 2769 eat
810 2707 1037 2788 perspicuitas,
1066 2711 1098 2769 at
1123 2706 1273 2787 facilitas
1300 2708 1352 2768 in-

401 2806 573 2888 telligendi.
619 2806 665 2869 Et
689 2805 893 2869 Schematum
913 2827 1008 2869 causa
1022 2815 1082 2881 est,
1097 2808 1279 2881 noceamus,
1294 2816 1352 2869 aut

396 2912 546 2971 orantus.
601 2906 684 2971 Nam
716 2928 819 2972 sermo
853 2906 1021 2971 institutus
1054 2915 1114 2980 est,
1145 2915 1182 2968 ut
1215 2904 1352 2989 explicet

399 3006 619 3072 intellectum:
647 3018 679 3071 et
702 3006 816 3093 figurae
838 3005 996 3082 admissae,
1019 3015 1058 3070 ut
1080 3005 1168 3090 quud
1189 3005 1222 3069 in
1245 3005 1290 3069 eis
1311 3005 1352 3070 ab

398 3120 469 3173 arte
489 3105 634 3187 dissidet,
648 3106 757 3194 aliqua
777 3104 1003 3171 commoditate
1021 3119 1234 3192 compensent.
1281 3107 1354 3170 Ho-

400 3230 472 3273 rum
503 3219 611 3272 autern
641 3207 778 3272 maxime
813 3206 986 3273 necessaria
1013 3220 1061 3273 est
1096 3208 1246 3293 cognitio,
1275 3208 1353 3296 quia

400 3310 432 3374 in
455 3308 605 3374 omnibus
625 3331 700 3396 quae
723 3308 926 3396 praepediunt
947 3308 1156 3387 intellectum,
1172 3309 1234 3376 tria
1248 3310 1352 3377 solent

400 3432 467 3494 prae
481 3410 605 3476 caeteris
619 3408 778 3475 accusari:
806 3408 875 3476 hoec
889 3423 997 3475 autem
1016 3423 1093 3476 aunt
1113 3414 1274 3477 achomato
1294 3412 1352 3477 ad·

395 3510 518 3595 junctis
538 3512 639 3598 tropis
657 3524 832 3588 oratorum,
849 3512 1047 3599 sophismata
1064 3536 1139 3599 quae
1154 3514 1353 3579 fallaciarum

399 3612 485 3677 nube
506 3610 675 3679 obducunt
697 3613 818 3679 animos
843 3613 1041 3692 auditorum,
1063 3627 1097 3680 et
1118 3614 1278 3680 rationum
1304 3615 1352 3679 di.

400 3714 542 3792 versitas,
558 3737 633 3801 qnae
655 3717 807 3803 praejacet
829 3715 860 3780 in
883 3716 991 3780 animo
1009 3715 1157 3792 dicentis,
1178 3729 1211 3781 et
1232 3729 1349 3782 rectam

401 3815 622 3903 intelligentis
641 3818 771 3901 cognita
792 3828 884 3903 parat
900 3815 994 3882 viam.
1040 3818 1222 3904 Siquidem,
1239 3832 1277 3884 ut
1292 3820 1353 3884 Hi-

402 3915 500 3981 larius
515 3922 570 3995 ait,
582 3921 795 4005 intelligentia
810 3920 967 3983 sumenda
977 3928 1024 3984 cat
1034 3941 1076 3985 cx
1086 3924 1193 3985 causis
1205 3922 1352 3987 dicendi:

401 4016 545 4104 alioqnin
573 4021 670 4087 etiam
707 4020 741 4085 in
778 4020 946 4107 scripturis
975 4020 1133 4085 canonicis
1161 4020 1353 4087 rixabuntur

399 4122 524 4198 Patres,
539 4120 664 4208 sibique
684 4133 779 4186 erunt
798 4124 893 4186 etiam
916 4121 1131 4206 Evangeliatae
1148 4122 1310 4199 contrarii,
1326 4122 1354 4185 si

395 4219 497 4307 judex
512 4221 663 4301 insulsus,
676 4222 716 4287 ad
733 4222 831 4289 solam
844 4224 1004 4289 dictorum
1020 4223 1230 4310 superficiem,
1240 4236 1273 4289 et
1288 4244 1351 4286 non

400 4322 439 4386 ad
456 4321 633 4389 dicentium
654 4336 775 4389 mentes
797 4322 939 4410 aspiciat.
984 4327 1059 4389 Hoc
1081 4326 1190 4406 itaque
1211 4323 1352 4407 perversi

398 4420 516 4506 ingenii
534 4436 595 4501 est,
611 4438 643 4490 et
664 4444 757 4489 suum
780 4425 979 4509 aspernantis
1001 4422 1192 4509 proiectum.
1238 4422 1352 4487 Nonne

445 4542 519 4588 voc.
537 4544 567 4588 v.
869 4543 889 4588 n
