3625 5317
457 794 499 852 48
714 800 849 847 scaurus
865 797 1144 845 sarasar-:aramis
1285 778 1367 857 [arn.
1386 798 1408 843 1.

458 951 536 1019 dum
562 953 765 1038 aliquatenus
793 951 913 1017 recedit
938 952 980 1013 ab
1003 962 1150 1034 utroque,
1176 969 1242 1011 non
1263 947 1351 1012 cadit
1374 948 1406 1010 in

458 1055 643 1120 alterutrius
668 1054 831 1117 rationem.
878 1054 998 1115 Omnes
1020 1050 1128 1136 itaque
1153 1060 1335 1134 sequuntur
1360 1070 1411 1111 ar-

460 1171 536 1235 tem,
559 1156 635 1239 quia
657 1156 860 1241 praecipitum
882 1151 1043 1216 declinant
1060 1150 1185 1226 vitium,
1207 1150 1284 1234 quia
1302 1149 1410 1234 prohi-

459 1257 571 1323 betur:
596 1258 651 1322 sed
667 1256 810 1322 nonnulli
825 1255 936 1340 figuris
951 1265 1097 1328 utuntur,
1110 1252 1185 1338 quia
1199 1250 1409 1337 permittitur.

460 1359 543 1422 Nam
568 1363 651 1425 inter
676 1358 763 1438 vitia,
786 1360 1032 1422 Burburismum
1056 1353 1186 1425 scilicet,
1210 1365 1243 1417 et
1268 1353 1412 1418 Soloeca's-

460 1484 559 1537 mum,
585 1475 618 1527 et
643 1478 755 1538 artem,
781 1483 854 1545 quae
881 1460 982 1523 virtus
1007 1456 1124 1543 eloquii
1150 1468 1198 1519 est
1228 1467 1260 1519 et
1289 1478 1411 1533 norma,

459 1563 583 1649 figuras,
602 1578 634 1627 et
657 1562 819 1627 schemata
843 1573 927 1625 sunt.
970 1559 1207 1640 Metaplaamus
1230 1556 1360 1632 scilicet,
1383 1560 1411 1621 si

461 1664 582 1731 ratione
602 1677 749 1749 peccetur
769 1664 800 1727 in
817 1662 935 1727 verbo:
959 1663 1095 1739 schema,
1114 1660 1140 1721 si
1163 1682 1201 1721 ex
1223 1679 1318 1722 causa
1338 1679 1411 1743 prn-

459 1763 559 1829 babili
574 1762 724 1829 delictum
747 1763 788 1827 sit
808 1762 839 1825 in
861 1754 1013 1825 conteitu
1028 1759 1205 1823 verborum.
1251 1758 1313 1822 Est
1328 1758 1410 1822 enim

461 1878 543 1931 teste
573 1866 710 1941 Isidoro,
740 1865 843 1949 figura
868 1866 982 1927 uitium
1011 1882 1085 1924 cum
1111 1866 1250 1937 ratane,
1275 1859 1411 1944 ideoque

462 1966 536 2030 solis
557 1965 750 2042 auctoribus,
764 1976 994 2048 auctorumque
1016 1960 1183 2039 similibus,
1196 1959 1272 2023 riris
1293 1959 1412 2024 scilicet

462 2060 694 2140 eruditissimis,
717 2062 775 2148 qui
798 2062 1004 2126 dicendorum
1025 2061 1296 2147 tacendorumque
1318 2084 1413 2125 nove-

462 2177 538 2230 ruut
564 2165 710 2245 rationes,
732 2164 801 2229 haec
827 2162 955 2228 licentia
977 2164 1182 2250 indulgetur:
1213 2168 1351 2246 maguis,
1377 2174 1413 2227 ut

463 2267 508 2330 ait
525 2267 646 2341 Cicero,
663 2276 695 2331 et
709 2268 828 2331 dia-‘iuis
847 2269 947 2342 bonta,
961 2270 1047 2330 tana
1066 2270 1230 2331 licentiam
1248 2269 1414 2349 assequuti

463 2376 552 2445 sunt,
572 2379 604 2431 et
624 2381 847 2453 assequuntur.
894 2369 968 2432 Non
991 2380 1039 2432 est
1052 2368 1131 2431 levis
1148 2368 1321 2432 auctoritas
1343 2390 1414 2454 per-

463 2491 630 2533 sonarum:
655 2470 761 2533 omnia
776 2469 872 2550 dicta,
887 2469 938 2534 vel
954 2470 1040 2534 lacta
1055 2470 1181 2535 laudem
1197 2469 1347 2550 afferunt,
1361 2469 1411 2533 vel

462 2569 579 2634 crimen
603 2571 766 2649 auferunt,
789 2594 885 2657 quam
908 2572 1030 2635 frustra
1055 2571 1195 2653 affectat,
1216 2571 1275 2634 uisi
1298 2573 1356 2656 qui
1380 2594 1413 2635 se

461 2670 493 2734 in
522 2671 643 2759 magnis
669 2672 760 2740 bonis
784 2672 969 2738 imitabilem
992 2673 1126 2759 praebet.
1170 2674 1319 2738 Profecto
1342 2676 1413 2737 lroec

463 2771 592 2841 aliamm
622 2773 780 2840 virtutum
819 2774 973 2840 autoritas
1008 2776 1137 2853 meruit,
1169 2786 1207 2839 ut
1236 2774 1305 2839 baec
1335 2773 1414 2839 vitia

463 2877 631 2964 majorum,
654 2877 761 2943 dulcia
780 2878 843 2943 sint
865 2890 897 2943 et
920 2891 1013 2964 grata
1034 2881 1180 2963 posteris.
1225 2884 1246 2918 “
1263 2876 1360 2939 Unde
1380 2880 1415 2940 ia

462 2982 600 3046 secundo
621 2982 660 3045 dc
685 2985 797 3046 ordina
819 2982 1044 3064 Augustinus:
1070 2982 1255 3046 soloecr'smoa
1275 2987 1306 3044 et
1328 2980 1414 3043 Bar-

461 3080 624 3159 bariemoa
646 3104 725 3166 quos
740 3094 854 3146 vocant
876 3094 992 3167 poetae,
1013 3094 1046 3145 et
1071 3105 1152 3168 quos
1171 3082 1415 3159 adamaverunt,

462 3180 623 3245 schemata
644 3193 676 3244 et
698 3181 933 3267 metaplasmos,
954 3182 1086 3245 mutatis
1105 3181 1285 3245 maluerunt
1305 3181 1415 3267 appel·

463 3279 528 3342 lare
542 3278 733 3358 nominibus,
750 3304 844 3368 quam
862 3280 1031 3344 manifesta
1045 3279 1125 3343 vitia
1139 3278 1306 3342 declinare.
1350 3286 1416 3345 Dc-

462 3378 554 3443 trahe
574 3390 679 3443 tamen
700 3379 761 3444 ista
781 3378 985 3454 carminibus,
1006 3377 1193 3443 suavissima
1212 3377 1416 3446 condimenta

462 3478 659 3547 desiderabo.
709 3484 872 3565 Transfer
885 3479 918 3543 in
939 3480 1070 3544 liberam
1086 3480 1307 3565 forensemque
1321 3481 1415 3548 dicti-

461 3603 566 3660 onem,
587 3582 660 3667 quis
675 3601 737 3646 non
752 3602 820 3645 eam
842 3579 967 3665 fugere,
981 3593 1080 3667 atque
1094 3580 1127 3645 iu
1144 3581 1268 3646 theatra
1288 3604 1321 3645 se
1341 3604 1415 3645 cou-

462 3682 538 3747 dere
547 3682 676 3767 jubebit
687 3685 719 3746 ?''
743 3684 887 3767 Congere
899 3688 1002 3749 multa
1016 3684 1049 3747 in
1065 3706 1163 3748 unum
1180 3683 1295 3759 locum,
1309 3695 1412 3749 totum

463 3797 532 3849 arte
547 3784 698 3870 putidum
710 3799 742 3850 et
754 3784 920 3849 rancidum
936 3786 1098 3851 fastidibo.
1129 3788 1219 3871 Ergo
1235 3786 1415 3849 moderator

464 3907 569 3949 rerum
586 3885 676 3962 ordo,
693 3910 730 3951 ea
745 3910 802 3951 nec
823 3887 968 3968 ubilibet,
984 3911 1041 3951 uec
1061 3909 1219 3973 nusquam
1238 3910 1316 3963 esse,
1332 3888 1414 3972 pati-

464 3998 556 4059 etur;
581 3987 701 4071 quibus
715 3986 922 4072 interpositis,
937 3988 1014 4051 alias
1024 3989 1134 4071 jacens
1148 3999 1180 4050 et
1194 3990 1267 4050 uilia
1282 3987 1415 4072 erigitur

464 4100 497 4153 et
518 4086 697 4153 illustratur
717 4090 828 4154 oratio.
873 4092 960 4153 Haec
978 4093 1048 4153 ille:
1072 4101 1143 4153 uta
1163 4099 1322 4174 praecepta
1341 4112 1414 4153 con-

465 4204 526 4257 stet
556 4190 739 4271 autoritate,
766 4214 862 4277 quam
889 4190 1065 4255 necessaria
1091 4192 1131 4255 sit
1153 4191 1267 4255 notitia
1291 4215 1412 4267 eorum,

464 4315 539 4378 quae
563 4291 760 4357 doctioribus
782 4314 939 4369 concessa,
965 4314 1090 4356 omnem
1117 4292 1183 4356 fere
1212 4291 1413 4357 latitudinem

465 4404 623 4479 occupant
652 4395 895 4481 scripturarum,
921 4406 958 4459 ut
983 4395 1040 4479 qui
1066 4396 1194 4480 proprie
1220 4408 1252 4457 et
1278 4394 1413 4478 figurate
