3625 5317
372 826 444 872 cnr.
460 806 623 881 mmm]
737 816 978 863 usrsnoorcns.
1270 796 1331 855 199

374 974 568 1062 philosophi,
595 984 627 1036 et
655 968 812 1036 Catholici
838 980 945 1054 patres
972 964 1176 1030 definierunt.
1225 964 1327 1026 Porro

373 1078 548 1151 nemorosi,
571 1088 603 1139 et
625 1075 728 1137 dicere
751 1073 823 1145 Dei,
845 1070 926 1133 scire
946 1067 1047 1154 ipsius
1067 1081 1125 1130 est.
1169 1065 1329 1129 Memorio

375 1202 515 1266 namque
533 1178 613 1263 ejus,
629 1188 686 1241 aut
706 1174 838 1251 vertum,
855 1173 923 1237 sive
939 1169 1206 1252 mosomensis
1226 1167 1328 1251 ipsius

374 1294 433 1345 est.
475 1280 614 1343 Verbum
629 1300 717 1362 crgo,
733 1299 796 1363 quo
809 1275 954 1361 loquitur
969 1269 1210 1358 omnipotentia,
1226 1288 1326 1332 unum

376 1396 446 1447 est:
476 1381 531 1445 sed
553 1379 660 1456 verba,
676 1398 751 1464 quoe
771 1376 927 1462 loquitur,
943 1374 1078 1439 infinita.
1120 1370 1329 1457 Principium,

376 1484 498 1571 inquit,
519 1482 690 1547 verborum
712 1493 857 1559 tuorum,
877 1480 1014 1541 ceritas.-
1044 1498 1084 1539 eo
1109 1472 1197 1560 qnod
1219 1496 1239 1535 s
1257 1476 1331 1537 luce

376 1584 600 1660 inaccessibili,
616 1604 713 1669 quam
727 1584 817 1647 Deus
831 1580 1001 1658 inhabitat,
1012 1577 1119 1657 habet,
1130 1588 1168 1641 ut
1182 1572 1212 1639 ei
1224 1574 1332 1639 omnis

374 1688 584 1751 innotescant.
632 1685 727 1747 Hanc
747 1696 852 1747 tamen
876 1681 992 1755 lucem,
1007 1702 1027 1743 a
1049 1676 1228 1743 substantia
1248 1676 1329 1761 ejus,

377 1810 443 1853 non
459 1788 594 1855 arbitror
609 1786 755 1851 alienam.

378 1986 461 2070 Cap.
479 1988 530 2047 88.
555 1983 648 2057 Quod
661 1984 757 2045 aliter
772 2002 834 2057 res,
850 1981 945 2044 aliter
963 1981 1082 2063 opinio,
1097 1980 1192 2041 aliter
1205 1976 1334 2051 locutio,

424 2107 500 2150 cero
514 2084 667 2166 uetjlzteo
689 2084 831 2156 diciturs
857 2088 890 2145 et
903 2102 1006 2163 cuore
1025 2081 1199 2144 locutiones
1218 2077 1332 2157 liujus·

425 2187 510 2250 modi
524 2192 554 2250 et
568 2184 707 2249 modales
720 2186 941 2268 appellantur.

426 2324 528 2385 Nunc
550 2318 815 2406 jucundissimam
842 2318 974 2383 rationis
1002 2317 1210 2402 veritatisque
1232 2315 1335 2379 cobse-

382 2420 529 2502 rentiam,
543 2442 613 2486 cum
634 2422 720 2485 omni
736 2420 912 2485 reverentia
930 2424 1191 2507 contemplemur,
1205 2414 1336 2483 rationis

384 2538 415 2589 et
437 2522 579 2588 veritatis
598 2522 752 2587 auxilium
773 2522 997 2609 implorantes:
1024 2545 1097 2587 nam
1118 2523 1185 2586 sine
1204 2544 1255 2598 eo,
1270 2540 1335 2584 non

384 2624 480 2690 modo
495 2624 703 2712 apprehendi,
717 2623 771 2689 sed
784 2648 840 2689 nec
850 2624 1045 2711 investigari,
1055 2624 1191 2688 fideliter
1200 2633 1335 2708 queunt.

385 2730 446 2794 Est
467 2751 542 2815 ergo
562 2730 654 2804 ratio,
670 2730 802 2812 quidum
821 2732 937 2791 mentis
956 2730 1077 2791 notetus.
1120 2726 1166 2788 Et
1182 2737 1219 2788 ut
1240 2724 1337 2787 latius

384 2828 602 2893 describatur:
633 2828 714 2891 ratio
735 2840 782 2889 est
806 2824 969 2911 quoddam
990 2826 1250 2901 instrumentum,
1271 2844 1338 2910 quo

387 2950 475 2994 mens
490 2952 599 2993 omnes
614 2950 723 2992 sensus
740 2948 814 2989 suos
829 2939 963 2991 exercet.
1008 2924 1178 3010 Proprium
1193 2926 1264 3012 ejus
1277 2938 1338 3003 est,

384 3034 587 3113 incestigore,
609 3043 641 3092 et
664 3028 899 3111 apprehendere
920 3026 1098 3093 veritatem.
1149 3027 1258 3113 Hujus
1278 3025 1340 3091 vir-

386 3134 466 3199 tutis
480 3130 685 3207 contrurium,
697 3142 744 3193 est
757 3130 954 3194 imbecillitas
964 3144 995 3195 et
1010 3132 1197 3213 impotentia
1212 3128 1340 3193 investi·

384 3232 493 3321 gandi,
509 3245 539 3296 et
555 3230 743 3317 assequendi
760 3254 877 3296 verum.
907 3234 1008 3296 Error
1023 3245 1129 3296 autem
1145 3231 1339 3298 contrarium

386 3350 433 3402 est
449 3336 537 3401 illius
552 3334 745 3420 agitationis,
761 3332 980 3418 investigantis
994 3358 1116 3416 verum,
1130 3358 1226 3423 quam
1242 3357 1340 3421 supra

388 3436 528 3503 diximus
554 3437 718 3502 rationem.
766 3438 874 3501 Virtus
900 3438 969 3504 burc
994 3441 1026 3503 in
1055 3442 1126 3503 Deo
1156 3435 1341 3522 simpliciter

388 3538 539 3625 perlecta,
550 3536 582 3601 in
594 3536 718 3622 angelo,
728 3538 868 3623 perlecta
879 3562 939 3624 pro
949 3550 1075 3616 natura,
1088 3539 1144 3602 sed
1157 3540 1189 3602 in
1201 3537 1339 3616 homine,

388 3652 443 3703 aut
458 3636 587 3701 omnino
601 3636 788 3723 imperfecta
802 3650 861 3715 est,
877 3653 932 3703 aut
954 3652 991 3703 ut
1006 3638 1165 3711 multum
1194 3637 1219 3701 si
1235 3647 1341 3702 tamen

389 3738 431 3801 sit
446 3738 477 3801 in
498 3736 606 3823 aliquo
620 3735 761 3823 perlecta
782 3758 842 3823 pro
857 3750 1011 3822 tempore,
1026 3752 1082 3802 aut
1101 3738 1267 3803 collatione
1283 3742 1342 3805 im·

388 3838 621 3924 perfectiorum.
674 3839 770 3907 Unde
796 3862 858 3903 non
890 3841 1056 3920 rationem,
1081 3842 1136 3905 sed
1161 3842 1342 3927 appetitum

391 3940 534 4017 rationis,
561 3964 656 4027 quem
687 3941 861 4028 philologia
891 3944 1054 4029 exprimit,
1084 3944 1230 4011 vendicat
1262 3945 1341 4009 sibit

390 4041 690 4128 siquidemnomina
707 4044 774 4107 haec
792 4044 981 4128 philoloyin,
994 4049 1209 4131 pbilosophis,
1224 4062 1257 4111 et
1267 4049 1343 4129 ptri·

389 4144 518 4221 locatio,
539 4144 802 4230 pbilosophorum
824 4143 980 4207 modestia
1001 4146 1201 4231 temperavit.
1247 4144 1345 4207 Ratio

391 4266 476 4323 vero,
498 4265 702 4330 nequaquam
727 4242 958 4307 contrariorum
986 4244 1198 4330 susceptibilis
1223 4257 1283 4321 est,
1305 4267 1344 4308 eo

391 4344 480 4432 quod
495 4345 606 4413 diviua
620 4345 702 4410 ratio
715 4344 923 4409 immutabilis
938 4346 1116 4410 substantia
1130 4356 1186 4407 est.
1231 4344 1346 4431 Angeli

393 4470 478 4523 uero,
495 4447 545 4513 vel
561 4447 697 4513 bominis
712 4446 803 4527 ratio,
819 4446 996 4512 substantia
1011 4467 1074 4512 nou
1090 4459 1148 4512 est.
