3625 5317
675 787 750 834 vrrs
766 789 882 834 sanorr
897 788 1056 836 suornm.
1275 775 1339 834 aot

377 939 514 1004 animai
532 948 620 1022 patre
636 939 722 1004 circs
741 941 804 1004 slis
824 936 986 1024 occ'upato
1005 944 1102 1007 totius
1118 941 1233 1006 domus
1248 941 1336 1005 solli·

377 1037 495 1103 citudo
513 1037 727 1114 incumberet3
755 1041 916 1124 sapienter
937 1041 1044 1105 omnin
1064 1041 1266 1124 disponebat,
1287 1041 1335 1102 in·

379 1139 565 1222 metensque
600 1139 751 1221 operibus
788 1141 1016 1206 misericordie
1053 1141 1199 1224 diligenti
1228 1140 1335 1206 studio

380 1239 610 1322 frequentabat
623 1241 805 1318 ecclesiam,
820 1263 916 1306 orans
930 1255 963 1305 et
977 1252 1044 1306 tnta
1058 1243 1173 1306 mentis
1186 1241 1336 1306 aviditate

380 1339 553 1422 excipiens
568 1340 665 1403 verba
686 1339 761 1414 Dei,
782 1351 815 1406 et
831 1349 994 1424 praecspts
1014 1341 1181 1424 sapientias
1200 1339 1338 1404 fideliter

381 1459 561 1521 exequens.
610 1440 696 1502 Nam
721 1460 792 1522 quio
816 1438 961 1504 audierat
985 1440 1245 1505 communicabat
1267 1440 1336 1503 aliis

376 1538 529 1622 jucunda
543 1538 708 1615 relatione,
723 1550 756 1602 et
776 1559 810 1603 se
833 1550 865 1602 et
884 1540 965 1602 alios
987 1539 1030 1604 ad
1048 1538 1241 1622 obsequium
1255 1538 1336 1602 inci-

381 1639 483 1702 tabat
506 1637 636 1704 Audivit
650 1641 691 1704 ab
702 1640 764 1704 hac
780 1660 860 1724 puer
875 1661 974 1704 unum
990 1661 1061 1707 esse
1072 1639 1179 1704 Deum
1194 1639 1336 1704 omnium

382 1739 597 1819 conditorem,
611 1750 797 1822 regnantem
818 1742 851 1806 in
874 1740 977 1818 omlis,
990 1741 1173 1822 largitorem
1192 1761 1338 1805 remune-

382 1849 587 1926 ratoremque
611 1844 780 1919 bonorum,
802 1851 835 1905 et
859 1840 1006 1920 credidit,
1026 1853 1061 1906 et
1080 1842 1205 1926 jamin
1230 1853 1339 1905 tenera

384 1950 480 2006 aetate
495 1940 536 2004 ad
556 1941 643 2006 illins
663 1943 810 2006 notitiam
833 1941 1004 2024 aspirabat.
1048 1941 1218 2006 Pueriliter
1231 1950 1338 2004 autem

386 2043 580 2126 opinabatur
594 2043 711 2106 coelum
727 2043 841 2108 vicinis
856 2043 1020 2108 montibus
1033 2043 1208 2120 iuberer03
1226 2041 1338 2125 ibique

385 2143 452 2206 Dei
481 2142 521 2206 de
552 2164 615 2227 quo
644 2143 788 2208 andierat
816 2166 886 2208 esse
916 2145 1081 2227 palatium,
1102 2155 1136 2208 et
1160 2164 1234 2206 eum
1264 2162 1338 2206 cum

387 2245 513 2329 angelis
529 2258 562 2309 et
577 2247 694 2310 sanctis
710 2249 917 2330 corporaliter
931 2249 1120 2311 conversari.
1163 2248 1277 2311 Visum
1291 2258 1340 2310 est

386 2367 463 2428 ergo
474 2347 506 2409 ei
517 2367 580 2410 una
591 2348 732 2412 noctium
748 2349 782 2411 in
798 2348 942 2426 somniis,
953 2349 1038 2432 quod
1050 2351 1126 2412 illuc
1140 2349 1338 2427 ascenderet,

386 2460 421 2510 et
437 2446 520 2530 quod
535 2447 570 2510 in
586 2447 768 2511 devexitate
789 2449 906 2513 montis
928 2470 1022 2533 quem
1043 2450 1240 2514 ascendebat
1252 2447 1339 2511 vide·

387 2549 446 2612 bat
467 2547 604 2612 famulos
628 2547 762 2613 Domini
785 2559 940 2614 metentes
963 2549 1095 2633 quidem
1118 2551 1258 2614 triticum
1281 2549 1340 2611 sed

388 2647 483 2713 valde
498 2649 714 2732 negligentem
736 2663 773 2712 ut
787 2651 856 2734 ejus
879 2649 955 2712 lidei
977 2651 1048 2712 zelo
1070 2669 1229 2713 accensus
1244 2669 1340 2731 super

389 2749 455 2812 hoc
484 2761 558 2814 ante
596 2749 704 2810 Deum
736 2747 922 2830 disponeret
955 2767 1114 2810 accusare.
1174 2747 1341 2825 Ascendit,

391 2851 565 2932 Deumque
580 2847 745 2911 sedentem
760 2847 794 2910 in
810 2848 931 2931 palatio
946 2849 1048 2911 solum
1063 2848 1190 2929 reperit,
1203 2856 1340 2930 excepto

389 2951 460 3013 solo
486 2948 727 3029 dispensatore;
756 2969 933 3032 perquem
958 2948 1081 3012 accitus
1101 2959 1134 3011 et
1158 2947 1275 3012 sedens
1299 2946 1341 3009 ad

389 3048 492 3135 pedes
507 3047 652 3127 Domini,
667 3047 739 3130 ipso
755 3048 940 3128 mandante,
953 3069 1071 3131 panem
1089 3048 1217 3131 accepit
1231 3047 1341 3111 candi·

390 3149 571 3224 dissimum,
600 3147 687 3212 unde
716 3148 836 3213 ibidem
875 3149 1017 3214 comedit
1052 3159 1085 3213 et
1121 3149 1253 3214 satiatus
1282 3158 1340 3212 est

391 3251 557 3314 visionem
579 3246 686 3314 retulit
707 3251 823 3326 sociis;
854 3271 952 3336 seque
977 3272 1063 3336 pane
1085 3251 1193 3316 divino
1215 3259 1341 3334 pastum

392 3352 602 3432 gloriabatur;
634 3351 761 3415 interim
783 3351 953 3435 suspicans
974 3353 1044 3417 haec
1066 3354 1149 3416 circa
1171 3372 1205 3415 se
1227 3371 1340 3434 corpo·

392 3451 497 3514 raliter
512 3461 602 3532 gesta
617 3471 696 3514 esse.
734 3449 865 3514 Exinde
881 3459 969 3514 tuoto
982 3450 1046 3513 Dei
1061 3471 1167 3514 amore
1182 3448 1342 3512 debriatus

394 3561 453 3627 est,
479 3561 640 3618 attatum
666 3561 873 3615 contemnens
903 3550 1069 3624 mundum,
1093 3549 1188 3611 etiam
1212 3568 1340 3630 gravem

392 3652 531 3736 aliquam
562 3651 756 3717 desideraret
792 3651 1021 3727 infirmitatem,
1049 3648 1142 3733 cnjus
1172 3648 1342 3712 occasione

395 3751 635 3830 monachornm,
650 3753 736 3836 quod
751 3753 925 3836 plurimum
945 3752 1087 3834 optabat,
1102 3762 1213 3832 posset
1226 3751 1343 3815 ascribi

393 3853 563 3914 consortio.
608 3854 653 3916 Et
676 3853 804 3937 quidem
826 3874 884 3936 pro
905 3865 990 3930 voto,
1009 3851 1094 3915 sicut
1115 3853 1235 3930 orabat,
1256 3852 1344 3914 infir·

394 3961 498 4014 matus
513 3963 577 4026 est;
602 3951 657 4014 sed
672 3973 713 4016 ue
728 3954 905 4016 monachus
922 3952 1020 4031 fieret,
1032 3962 1108 4016 tunc
1125 3962 1161 4016 ut
1174 3954 1347 4037 putabatur

395 4051 519 4114 obstitit
533 4061 639 4134 pater:
663 4052 750 4135 quod
765 4061 870 4116 autem
888 4073 995 4116 verum
1017 4065 1076 4130 est,
1092 4074 1164 4116 enm
1187 4052 1346 4115 Dominus

394 4149 542 4214 adalind
565 4153 754 4216 reservabat.
800 4151 930 4216 Litteris
953 4154 1111 4217 duntaxat
1133 4162 1165 4215 et
1186 4152 1347 4216 honestati

395 4252 537 4336 applicat
566 4251 728 4328 animum
762 4263 793 4316 et
822 4252 855 4314 in
887 4265 1022 4336 utroque
1050 4252 1224 4336 proficiens
1253 4273 1349 4335 super

395 4373 505 4416 omues
535 4367 716 4418 coetaneos
743 4373 817 4416 suos
851 4355 992 4437 explevit
1021 4355 1055 4446 in
1085 4354 1174 4416 brevi
1205 4363 1347 4436 tempore

842 4460 900 4515 Η
