3625 5317
492 788 555 851 200
760 798 897 846 scaurus
913 796 1195 845 saansaaarnnsrs
1300 775 1385 859 [nra.
1400 794 1443 843 ιν.

537 1089 615 1173 Cup.
633 1094 683 1154 89.
706 1088 759 1152 Da
772 1087 966 1151 cohaerentia
981 1086 1164 1149 anthabet
1178 1084 1346 1157 vertam·
1367 1089 1400 1146 et

751 1190 885 1252 breuiter
898 1188 979 1271 quid
994 1193 1177 1269 utrumque.

534 1363 682 1425 Vnarrss
696 1372 815 1438 autem,
832 1361 891 1423 luo
905 1361 1021 1423 mentis
1035 1369 1096 1435 est,
1105 1368 1140 1421 et
1155 1354 1288 1420 materia
1302 1353 1441 1418 rationis.

492 1460 587 1525 Hanc
607 1460 698 1525 Deus
721 1456 954 1535 universaliter,
976 1457 1118 1545 Angelus
1139 1454 1375 1544 particulariter
1395 1457 1441 1520 iu·

492 1573 622 1627 tuetur:
646 1558 741 1626 bomo
756 1573 875 1642 autem,
888 1560 985 1625 etiam
1004 1558 1265 1645 perfectissimus,
1279 1580 1338 1643 pro
1352 1571 1441 1643 parte

490 1662 614 1728 modice
641 1663 748 1738 videt3
789 1662 843 1727 sed
870 1684 938 1748 quo
962 1660 1143 1747 perfectior,
1163 1684 1203 1724 eo
1224 1658 1362 1746 amplius
1386 1681 1442 1745 ap·

489 1765 583 1853 petit.
628 1766 710 1831 Haec
730 1778 776 1830 est
798 1763 942 1830 soliditas
963 1762 1164 1828 certitudinis
1177 1762 1210 1826 in
1225 1783 1290 1848 qua
1311 1760 1442 1826 rationis

489 1866 578 1955 viget
601 1890 744 1933 examen.
788 1865 880 1933 Tolle
901 1869 1005 1931 lucem
1028 1877 1060 1929 et
1083 1863 1287 1939 soliditatem,
1309 1863 1442 1926 frustra-

489 1970 614 2035 buntur
636 1969 724 2033 visus
749 1982 781 2033 et
808 1981 933 2040 tactus;
969 1966 1052 2031 sicut
1079 1979 1111 2030 et
1134 1968 1168 2030 iu
1193 1965 1263 2030 aliis
1285 1964 1439 2040 sensibus,

491 2093 580 2148 sono,
596 2069 646 2133 vel
668 2070 776 2145 odore,
792 2068 843 2133 vel
858 2092 971 2154 sapore
993 2069 1170 2133 subtracto.
1216 2065 1319 2131 Simili
1334 2064 1439 2142 modo,

488 2172 590 2237 omnis
604 2194 714 2237 sensus
735 2171 867 2237 rationis
881 2171 1103 2251 frustrabitur,
1117 2170 1251 2234 veritate
1270 2168 1439 2233 subducta.

488 2274 688 2340 Contrarium
718 2296 792 2338 vero
812 2275 892 2361 ejus,
914 2287 962 2338 est
987 2278 1108 2339 neritus
1133 2295 1189 2337 scu
1205 2274 1359 2357 salsitas,
1381 2284 1439 2335 aut

487 2376 597 2441 inane:
621 2376 721 2461 quod,
737 2375 818 2441 sicut
834 2375 1036 2462 philosophia
1059 2375 1186 2462 probat,
1200 2374 1234 2437 in
1249 2373 1345 2437 rebus
1359 2372 1438 2446 nihil

487 2490 545 2543 est.
577 2477 674 2541 Unde
685 2491 715 2541 et
728 2474 922 2562 quibusdam
935 2476 1068 2563 placuit,
1077 2479 1190 2552 inane,
1202 2474 1294 2539 litera
1303 2487 1440 2555 mauu,

486 2578 549 2644 dici
564 2582 657 2665 quasi
671 2583 786 2657 inune,
802 2578 922 2643 scilicet
942 2577 1028 2665 quod
1045 2600 1108 2642 non
1122 2589 1171 2643 est
1187 2599 1298 2641 unum.
1342 2575 1439 2654 Quod

486 2693 594 2746 autem
609 2702 673 2745 non
688 2693 747 2759 est,
760 2679 839 2747 nihil
854 2693 912 2745 est.
955 2682 1019 2745 Est
1033 2693 1141 2745 autem
1157 2678 1310 2766 primaeva
1320 2679 1438 2743 veritas

484 2784 518 2849 in
533 2785 699 2871 majestate
713 2782 833 2849 divina.
862 2781 937 2848 Alia
948 2804 1023 2847 vero
1037 2794 1095 2858 est,
1108 2804 1184 2867 quae
1197 2783 1230 2846 in
1247 2780 1437 2854 Divinitatis

483 2886 627 2952 consistit
649 2886 798 2972 imagine,
815 2885 849 2950 id
865 2899 925 2966 est,
939 2886 971 2949 iu
994 2884 1181 2949 imitatione.
1225 2883 1337 2947 Omnis
1350 2882 1436 2949 enim

482 3011 544 3067 res,
568 3002 658 3056 tanto
681 2990 785 3054 verius
806 3000 867 3065 est,
889 2998 1011 3074 quanto
1032 2984 1203 3071 imaginem
1225 2985 1289 3050 Dei
1310 2983 1437 3049 fidelius

481 3091 651 3179 exprimit:
674 3104 708 3155 et
723 3101 846 3177 quanto
860 3090 901 3153 ab
916 3112 954 3153 ea
968 3087 1070 3173 magis
1084 3087 1203 3168 deficit,
1217 3100 1309 3151 tanto
1322 3086 1434 3151 falsius

481 3193 647 3261 evanescit
693 3192 817 3277 Utique
833 3190 877 3255 sic
893 3204 930 3256 ut
945 3192 1040 3257 homo
1055 3190 1189 3255 vanitati
1209 3187 1319 3253 similis
1333 3188 1436 3253 lactus

480 3306 541 3370 est,
563 3304 595 3357 et
618 3292 686 3356 dies
707 3292 777 3375 ejus
799 3292 881 3356 sicut
903 3292 1018 3356 umbra
1039 3303 1244 3378 praetereunt.
1290 3290 1365 3353 Non
1387 3302 1436 3353 est

480 3404 590 3457 autem
612 3393 737 3467 umbra,
760 3392 821 3457 nisi
842 3396 900 3459 lux
922 3394 1064 3479 corporis
1085 3393 1195 3479 aliquo
1216 3391 1435 3479 praepediatur

480 3495 666 3560 obstaculo:
705 3509 738 3560 et
767 3494 922 3582 quasdam
955 3495 1081 3562 inducit
1118 3496 1263 3561 tenebras
1291 3493 1435 3559 absentia

480 3596 570 3662 lucis.
614 3599 706 3685 Ergo
732 3598 874 3665 veritatis
897 3598 968 3663 luce
993 3598 1131 3675 sublata,
1156 3599 1272 3662 erroris
1294 3596 1433 3661 tenebre

479 3698 696 3767 invalescunt:
720 3723 808 3766 crror
822 3722 897 3765 vcro
915 3701 1008 3765 fallit.
1045 3700 1143 3764 Unde
1156 3718 1190 3765 et
1205 3698 1346 3764 veritatis
1359 3720 1433 3762 con-

477 3802 623 3880 trarium,
650 3825 670 3867 a
698 3802 839 3868 fallendo
863 3808 1004 3889 salsitas
1031 3805 1232 3868 nominatur:
1271 3800 1346 3888 quia
1374 3800 1432 3886 qui

476 3903 620 3970 ambulat
645 3903 679 3969 in
705 3904 854 3985 tenebris,
883 3904 983 3969 nescit
1011 3926 1078 3989 quo
1107 3900 1215 3967 vadat.
1260 3902 1430 3987 Proprium

475 4004 605 4092 quidem
623 4006 763 4073 veritatis
777 4018 837 4082 est,
853 4006 961 4070 lovere
978 4004 1144 4085 rationem,
1160 4016 1194 4069 et
1212 4004 1383 4080 illustrare,
1398 4013 1430 4067 et

474 4107 627 4175 solidare:
652 4108 735 4173 sicut
754 4106 896 4184 rationis,
918 4130 1073 4193 quarere,
1093 4110 1219 4193 assequi
1232 4119 1264 4171 et
1279 4105 1428 4190 amplecti

472 4209 649 4275 veritatem.
690 4208 772 4271 Nam
789 4220 821 4271 et
836 4207 893 4271 lux
905 4208 1053 4291 exterior,
1066 4224 1102 4275 ut
1117 4209 1240 4274 dictum
1256 4222 1315 4286 est,
1325 4208 1427 4273 visum

471 4312 577 4376 foret:
603 4333 651 4375 res
666 4307 767 4373 solida
782 4308 909 4373 roborat
930 4321 1061 4374 tactum.
1105 4312 1207 4375 Porro
1221 4309 1290 4373 haec
1304 4309 1337 4373 in
1355 4308 1425 4371 Deo

471 4433 582 4488 unum,
605 4411 681 4497 qnia
704 4410 796 4491 ratio,
818 4423 850 4477 et
873 4410 1007 4478 uerbum
1028 4424 1196 4491 aeteruum,
1217 4411 1258 4476 de
1281 4408 1425 4489 sedicit,
