3625 5317
622 807 698 852 vrrs
714 807 830 852 ssucrr
846 807 975 852 rnouae
990 807 1153 854 canrosa.
1307 787 1368 856 86l

417 959 581 1024 Christum
607 971 704 1023 totam
725 958 848 1042 jactare
874 958 1035 1025 fiduciam.
1080 961 1215 1026 Publice
1240 963 1366 1026 mendi·

415 1060 563 1124 cantibus
577 1061 672 1145 pleno
688 1061 942 1144 compatiebatur
961 1063 1077 1126 affectu
1101 1071 1133 1127 et
1155 1063 1367 1128 subveniebat

414 1163 541 1241 effectu,
560 1175 596 1226 ut
616 1183 690 1224 cum
711 1164 807 1226 beato
825 1163 890 1226 Job
913 1163 1019 1226 dicere
1041 1174 1166 1247 posset:
1200 1165 1251 1227 Ab
1271 1165 1367 1227 initio

414 1263 535 1327 coaluit
549 1263 628 1327 milri
644 1263 815 1340 miseratio,
829 1275 861 1327 et
875 1264 980 1348 pietas
996 1263 1037 1328 de
1049 1274 1140 1328 utero
1154 1265 1266 1329 matris
1283 1287 1364 1330 mete

412 1385 540 1445 egresse
556 1377 605 1429 est
621 1385 757 1427 mecum.

456 1464 650 1530 Liberalium
673 1486 747 1528 vero
772 1464 1014 1549 disciplinarum
1041 1466 1169 1530 scholas
1195 1467 1363 1548 egrediens

412 1565 454 1628 ad
480 1586 625 1630 curarum
652 1587 685 1629 se
708 1565 869 1630 transtulit
894 1567 1134 1650 occupationes,
1157 1578 1190 1630 et
1212 1569 1244 1630 in
1272 1569 1364 1631 seriis

412 1685 519 1730 earum
535 1680 568 1730 et
581 1668 686 1749 nugis,
701 1679 797 1751 prout
811 1664 933 1730 serebat
947 1666 1087 1751 spiritus,
1098 1667 1163 1731 cito
1179 1667 1360 1749 praeraluit:

412 1766 504 1830 etsie
521 1769 756 1832 commilitones
771 1777 805 1832 et
819 1780 982 1832 coretanos
1004 1789 1080 1831 suos
1100 1768 1195 1832 facile
1217 1780 1360 1832 auteces-

411 1870 460 1932 sit
507 1870 600 1933 Licet
619 1882 724 1934 autem
743 1869 868 1948 studiis,
883 1880 978 1954 prout
999 1869 1103 1933 etatis
1124 1870 1283 1952 urgebant
1304 1869 1360 1934 sti-

409 1970 499 2048 muli,
510 1969 709 2053 juvenilibus
724 1983 877 2054 ageretur,
892 1972 1044 2053 rigebant
1062 1972 1216 2034 tamenin
1231 1992 1269 2035 eo
1284 1969 1361 2035 fidei

409 2070 499 2134 zelus
529 2083 561 2134 et
590 2069 828 2151 magnificentia
858 2072 967 2136 animi.
1018 2073 1099 2137 Erat
1126 2082 1234 2136 tamen
1263 2093 1362 2156 supra

411 2172 540 2236 modum
563 2183 707 2256 captator
730 2194 815 2237 surse
840 2174 1016 2258 popularis,
1036 2184 1078 2253 et,
1098 2172 1182 2257 qnod
1205 2173 1246 2236 de
1265 2171 1360 2237 beato

410 2273 512 2338 Britio
536 2275 715 2338 Turonensi
742 2275 869 2357 legitur,
893 2273 934 2337 de
956 2274 1029 2357 ipso
1055 2296 1122 2338 non
1148 2274 1360 2339 dubitaverim

408 2377 641 2454 affirmandum,
664 2375 751 2462 quod
779 2377 838 2440 etsi
864 2377 1021 2460 superbus
1043 2369 1128 2440 esset
1151 2389 1184 2439 et
1205 2398 1305 2441 vanus
1327 2389 1362 2441 et

408 2476 566 2542 interdum
592 2480 707 2544 faciem
733 2477 946 2564 praetenderet
970 2477 1157 2564 insipienter
1184 2479 1359 2544 amantium

407 2588 440 2641 et
461 2579 556 2641 rerba
577 2579 740 2662 proferret,
762 2578 970 2642 admirandus
992 2590 1099 2642 tamen
1124 2590 1158 2641 et
1183 2579 1360 2644 imitandus

408 2687 475 2740 erat
489 2679 523 2740 in
539 2679 681 2762 corporis
696 2679 852 2741 castitate.

450 2779 557 2852 Quum
586 2797 660 2840 vero
689 2778 722 2839 in
754 2777 851 2841 curiis
879 2797 1046 2860 procerum
1081 2778 1218 2859 plurima
1247 2787 1358 2842 contre

406 2881 605 2942 honestatem
617 2879 693 2941 cleri
708 2879 775 2959 geri
786 2877 998 2962 conspiceret,
1010 2890 1043 2942 et
1057 2879 1237 2943 convictum
1249 2899 1357 2942 eorum

405 2979 580 3064 proposito,
604 2980 656 3043 cui
682 2978 831 3044 addictus
854 2990 931 3057 erat,
949 2979 1161 3062 perniciosius
1184 2979 1356 3053 adversari,

405 3081 560 3144 instinctu
574 3079 681 3164 potius
697 3079 807 3161 gratia
822 3090 854 3142 et
869 3078 987 3142 ducatu
1006 3099 1103 3162 quam
1119 3078 1253 3142 consilio
1275 3079 1355 3143 ami-

405 3202 513 3245 cornm
530 3193 584 3245 ant
597 3183 788 3253 interventu,
805 3201 839 3244 se
854 3180 895 3245 ad
911 3190 1031 3263 patrem
1046 3181 1110 3263 pise
1124 3181 1355 3245 recordatiouis

404 3281 627 3345 Theobaldum
643 3282 907 3347 Cantuariensem
920 3281 1195 3367 archiepiscopum
1209 3283 1354 3362 contulit,

404 3394 437 3446 et
451 3392 651 3464 promerente
666 3383 822 3446 induatis
837 3382 871 3445 in
886 3381 974 3446 brevi
996 3381 1146 3446 inventus
1167 3394 1217 3448 est
1238 3383 1354 3465 dignus

403 3493 439 3547 ut
453 3481 715 3547 familiarissimus
727 3482 796 3568 ejus
810 3483 895 3545 inter
908 3482 1120 3566 paucissimos
1135 3483 1354 3548 ascriberetur.

403 3586 490 3658 Quot
505 3593 609 3648 autem
625 3594 658 3648 et
676 3596 813 3669 quantos
835 3583 882 3647 ibi
905 3603 963 3666 pro
979 3582 1117 3645 ecclesia
1139 3582 1203 3646 Dei
1225 3583 1353 3648 labores

400 3687 574 3768 pertulerit,
591 3685 779 3770 quotiesque
799 3705 857 3767 pro
873 3679 1085 3765 expediendis
1103 3680 1352 3747 necessitatibus

401 3786 626 3849 ecclesiasticis
654 3786 869 3868 apostolorum
901 3781 1013 3846 limina
1042 3780 1225 3858 visitaverit,
1254 3804 1351 3866 quarn

400 3886 487 3950 felici
513 3887 612 3963 exitu,
638 3909 710 3971 qum
739 3886 801 3950 sibi
830 3885 975 3969 injuncta
1000 3884 1133 3961 fuerant,
1158 3884 1351 3969 expedierit,

402 4007 605 4073 nequaquam
628 3987 715 4050 dictu
730 3986 822 4049 facile
838 3998 896 4061 est,
912 3985 1086 4067 prasertim
1109 3985 1352 4068 compendiario

401 4111 467 4153 non
480 4088 605 4171 singula
616 4086 818 4171 exprimenti,
831 4085 888 4150 sed
904 4086 1067 4168 colligenti
1082 4107 1238 4149 summam
1249 4108 1351 4150 rerum

401 4201 434 4254 et
449 4211 578 4254 causam
594 4187 735 4272 martyrii
750 4185 820 4270 ejus
835 4208 996 4270 exponere
1012 4187 1171 4268 gestienti.

449 4292 492 4356 Ut
507 4313 582 4354 sero
598 4291 630 4354 in
643 4290 748 4353 causis
763 4288 950 4371 perorandis
961 4298 993 4350 et
1005 4286 1195 4351 decidendis
1206 4299 1352 4374 etpopu-

400 4394 441 4455 lis
457 4392 648 4457 instruendis
664 4413 682 4455 a
697 4391 769 4454 Deo
789 4390 1015 4474 praedestinato
1032 4390 1166 4454 facilitas
1187 4405 1352 4475 pararetur
