3625 5317
636 811 711 854 vrrs
727 810 842 855 ssuorr
859 811 987 854 rrrosrsr
1003 809 1097 854 caus.
1288 783 1349 854 stt

392 955 534 1024 dendnrir
558 973 589 1025 et
612 973 646 1026 ut
667 963 794 1026 titulum
812 964 945 1026 Domini
968 963 1017 1024 sui
1040 961 1145 1025 fidelis
1166 982 1275 1024 sersus
1291 983 1348 1044 ag·

392 1075 550 1141 nosceret,
566 1064 630 1126 sore
650 1063 792 1148 undique
815 1063 984 1128 audiebatr
1003 1063 1180 1147 *crucifige
1195 1063 1348 1145 crucifige

392 1185 473 1226 eum.
533 1167 608 1249 lpse
637 1178 744 1229 autem
778 1167 934 1230 transiens
963 1187 1021 1250 per
1051 1165 1194 1229 medium
1222 1166 1347 1228 illorum

393 1265 469 1328 ibat.
499 1343 504 1354 Ι

436 1367 543 1439 Quum
559 1380 663 1431 autem
679 1391 712 1431 se
728 1370 760 1430 in
777 1367 953 1451 hospitium
967 1369 1150 1451 recepisset,
1163 1369 1227 1431 duo
1238 1370 1345 1449 magni

392 1480 424 1530 et
439 1467 615 1531 fidelissimi
629 1490 778 1553 proceres
793 1468 835 1532 ad
851 1489 924 1530 eum
939 1468 973 1531 in
994 1471 1067 1551 ipso
1082 1470 1188 1532 noctis
1210 1471 1345 1533 contici-

392 1570 448 1630 nio
469 1579 683 1644 accesserunt,
699 1571 785 1633 vultu
808 1570 1006 1633 miserabiles
1028 1582 1060 1632 et
1082 1569 1251 1648 lacrimosi,
1272 1582 1346 1633 tun·

393 1669 505 1733 dentes
520 1679 651 1754 pectora
665 1693 733 1747 sua¹
748 1683 781 1734 ct
796 1671 986 1736 confitentes
1008 1693 1046 1735 ac
1062 1684 1274 1755 protestantes
1287 1694 1346 1756 per

391 1772 590 1836 tremendum
600 1773 758 1856 judicium
776 1773 848 1848 Dei,
864 1772 951 1856 quod
968 1771 1187 1837 indubitanter
1201 1774 1346 1837 sciebant

392 1875 475 1937 siros
500 1895 644 1956 magnos,
666 1887 698 1938 et
723 1875 900 1938 malefactis
926 1875 1080 1956 insignes,
1101 1885 1213 1958 utpote
1238 1875 1345 1938 multis

390 1977 529 2056 pollutos
549 1975 754 2051 facinoribus,
777 1976 810 2038 in
832 1976 919 2038 illius
944 1996 1058 2039 necem
1080 1977 1291 2060 conspirasse,
1314 1986 1347 2038 et

390 2095 423 2138 se
448 2075 489 2138 ad
512 2097 585 2139 eum
611 2076 826 2141 occidendum
852 2076 970 2138 mutuis
994 2076 1131 2140 invicem
1155 2077 1344 2140 astrinxisse

384 2178 586 2261 juramentis.
630 2179 682 2242 Ne
703 2199 779 2260 ergo
802 2198 900 2243 causa
925 2177 1081 2256 ecclesiae,
1105 2199 1177 2262 quae
1198 2176 1343 2241 nondum

390 2280 486 2361 plene
507 2278 699 2359 innotuerat,
721 2280 753 2342 in
777 2291 878 2343 morte
906 2278 977 2362 ejus
998 2291 1158 2362 pateretur
1182 2301 1343 2355 occasum,

390 2379 501 2443 eadem
524 2391 618 2443 nocte
641 2381 746 2463 sugam
768 2401 936 2463 aggressus
961 2392 1022 2456 est,
1045 2392 1077 2445 et
1097 2403 1165 2445 uuo
1187 2381 1346 2445 duntaxat

389 2480 485 2544 frater
498 2481 560 2544 sibi
574 2481 694 2545 serente
710 2481 868 2555 solatium,
882 2479 996 2544 diebus
1011 2481 1205 2546 delitescens
1219 2495 1252 2548 et
1266 2503 1344 2547 noc·-

389 2578 475 2644 tibus
496 2581 556 2644 iter
576 2601 743 2664 peragens,
764 2593 838 2664 post
860 2581 946 2644 diem
968 2581 1129 2644 decimum
1151 2596 1279 2644 sextum
1302 2580 1344 2644 ad

388 2691 514 2764 portum
535 2681 688 2746 Saudrici
703 2683 857 2764 pervenit,
872 2693 905 2743 et
925 2701 1025 2762 quum
1040 2682 1182 2763 potiores
1200 2692 1343 2744 vectores

390 2803 456 2845 uon
478 2782 609 2844 haberet
623 2779 664 2843 ad
685 2801 825 2857 manum,
839 2782 872 2843 in
896 2779 999 2861 fragili
1020 2782 1172 2864 cymbula
1184 2803 1204 2846 a
1218 2781 1345 2844 duobus

389 2881 608 2945 sacerdotibus
635 2890 832 2943 transvectus
863 2890 914 2944 est
943 2881 977 2942 in
1007 2879 1201 2957 Flandriam‚
1230 2881 1345 2965 paucis
1409 2934 1412 2939 ,

389 2983 461 3048 aliis
486 2983 649 3064 navigium
676 2981 784 3064 potius
813 2982 1064 3064 impedientibus
1086 3003 1180 3066 quam
1202 2983 1343 3066 aliquam

389 3084 495 3148 solatii
510 3085 562 3147 rel
577 3083 690 3148 anxilii
705 3083 881 3146 ferentibus
896 3103 1002 3167 opem.

432 3188 533 3248 Actus
548 3205 625 3266 crgo
640 3185 673 3246 in
695 3183 828 3246 exilium
844 3184 965 3250 Christi
987 3187 1162 3262 consessor,
1177 3209 1196 3251 a
1211 3186 1343 3250 domino

388 3307 473 3370 papa
487 3287 670 3350 Alexandro
693 3285 831 3350 Senonis
850 3286 1028 3351 honorifice
1048 3299 1218 3372 susceptus
1236 3298 1296 3367 est,
1311 3300 1344 3351 et

386 3389 428 3451 ab
444 3407 483 3449 eo
504 3387 538 3449 in
555 3387 747 3450 monasterio
771 3387 1011 3452 pontiniacensi
1029 3389 1269 3454 commendatus
1282 3399 1341 3452 est.

387 3483 453 3552 Sed
468 3508 525 3551 rex
540 3486 718 3570 Anglorum
734 3489 904 3571 episcopos
919 3500 952 3553 et
966 3511 1114 3573 proceres
1128 3512 1203 3554 suos
1218 3490 1259 3554 ad
1274 3491 1341 3552 Ro-

388 3611 514 3654 manam
535 3589 707 3654 destinavit
728 3591 907 3664 ecclesiam,
924 3593 1024 3654 multa
1043 3592 1232 3675 promittens
1251 3591 1342 3653 dum-

388 3690 485 3755 modo
509 3691 607 3773 legati
633 3691 842 3768 mitterentur,
865 3691 919 3774 qui
946 3712 1074 3755 causam
1099 3691 1342 3756 Cantuariensis

387 3792 630 3874 archiepiscopi,
645 3813 742 3875 quam
762 3793 990 3857 instantissime
1010 3793 1128 3856 remitti
1144 3791 1341 3878 postulabat,

388 3891 475 3955 omni
489 3890 704 3975 appellatione
719 3905 841 3957 remota
856 3894 1036 3958 definirent.
1066 3894 1242 3959 Videbatur
1255 3895 1342 3956 enim

388 3993 475 4078 quod
485 3989 664 4057 cardinales
672 3995 758 4056 flecti
769 4009 910 4076 possent,
920 4008 952 4059 et
962 3997 1089 4061 testium
1101 3996 1196 4078 copia
1206 3996 1240 4056 in
1252 3994 1341 4056 omni

387 4116 492 4159 causae
513 4094 647 4159 articulo
662 4094 810 4158 facillime
829 4098 1001 4175 procurari.
1046 4095 1121 4173 Sed,
1137 4115 1236 4178 quum
1256 4116 1291 4157 se
1305 4095 1340 4157 iu

388 4197 448 4260 hac
477 4197 632 4280 petitione
661 4189 868 4260 redeuntibus
895 4197 1024 4260 nunciis
1051 4195 1215 4260 didicisset
1243 4195 1340 4258 fuisse

386 4300 561 4381 repulsum,
577 4295 745 4361 ecclesiam
766 4305 799 4358 et
822 4298 928 4360 omnia
948 4298 1033 4361 bona
1051 4295 1286 4383 archiepiscopi
1307 4314 1340 4362 et

385 4420 514 4464 suorum
533 4397 688 4485 praecepit
706 4397 893 4462 confiscari:
925 4410 957 4462 et
976 4397 1063 4482 quod
1078 4400 1113 4462 in
1133 4400 1253 4464 nullius
1276 4401 1339 4464 his·

813 4520 833 4564 s
849 4503 870 4564 b
886 4506 906 4562 2
