3625 5317
402 812 475 857 car.
492 794 544 873 11.]
755 809 995 857 uurmooacua.
1291 796 1352 857 119

406 960 543 1025 vicissim
554 973 629 1026 sunt
640 958 760 1026 indices
770 960 916 1038 aliarum,
925 959 1012 1025 unde
1023 959 1190 1045 legentem,
1201 959 1350 1048 piurima,

405 1074 462 1127 aut
484 1060 582 1141 nulla,
604 1075 661 1127 sut
684 1061 875 1149 paucissima
890 1061 999 1127 latent.

407 1248 485 1335 Cap.
501 1256 531 1313 2.
551 1250 605 1313 Dc
628 1250 872 1333 categoriarum
891 1252 1045 1324 utilitate,
1065 1258 1097 1314 et
1117 1251 1352 1314 instrumentis.

449 1369 720 1433 Caraaomauuu
739 1366 819 1431 liber
840 1365 1029 1445 Aristotelis,
1052 1366 1273 1432 elementarius
1294 1377 1353 1444 est,

404 1480 439 1531 et
463 1467 640 1533 accedentis
667 1467 710 1531 ud
740 1466 891 1553 Logicam
919 1467 1157 1555 quodammodo
1184 1467 1353 1532 infantiam

405 1570 544 1655 excipit;
573 1580 688 1635 tractat
708 1569 791 1632 enim
815 1567 855 1633 de
871 1569 1069 1634 sermonibus
1086 1568 1306 1654 incomplexis,
1319 1569 1353 1633 in

405 1690 444 1731 eo
457 1670 546 1755 quod
562 1690 667 1731 rerum
688 1666 888 1753 significativi
904 1682 998 1732 aunt:
1025 1690 1091 1753 quo
1105 1667 1185 1731 nihil
1205 1669 1294 1752 prius
1307 1679 1356 1733 est

404 1768 496 1854 apud
518 1765 738 1833 Dialecticum.
782 1767 958 1833 Praemittit
979 1780 1086 1832 autem
1108 1767 1150 1831 de
1172 1767 1354 1853 aequivoeia,

408 1868 563 1945 univocis,
588 1880 621 1933 et
649 1867 902 1946 denominativis,
928 1869 1079 1955 quoniam
1104 1891 1214 1934 eorum
1244 1868 1357 1933 notitia

405 1969 581 2050 definienti,
590 1968 756 2045 dividenti,
771 1980 802 2035 st
818 1968 980 2055 colligenti
994 1974 1170 2057 plurimum
1182 1972 1358 2035 necessaria

408 2084 465 2135 est.
512 2069 675 2157 Siquidem
701 2072 913 2157 aequivocatio
937 2070 1055 2136 multos
1077 2071 1201 2136 inducit
1225 2092 1356 2146 errores,

408 2170 435 2236 si
450 2172 557 2251 lateat,
572 2184 603 2237 et
623 2176 821 2259 negotiantes
839 2171 984 2257 impedit,
1000 2174 1026 2236 ai
1048 2194 1131 2237 unus
1153 2174 1272 2237 nesciat
1291 2195 1358 2259 quo

407 2273 490 2337 ierat
514 2271 596 2337 alius
620 2272 825 2338 intellectum.
874 2272 1082 2338 Manifestum
1107 2287 1226 2353 autem,
1250 2287 1287 2339 ut
1312 2275 1357 2339 ait

410 2372 603 2449 Aristoteles,
630 2388 711 2460 quot
737 2374 840 2439 modis
865 2374 1004 2453 dicatur,
1027 2386 1060 2439 et
1084 2373 1125 2440 ad
1151 2375 1231 2462 quid
1254 2376 1358 2442 serens

410 2489 517 2561 ponat,
533 2475 722 2541 ridiculosus
733 2475 892 2542 videbitur
902 2478 1113 2562 interrogans,
1124 2477 1152 2543 ai
1168 2500 1230 2542 non
1241 2476 1280 2541 ad
1297 2477 1358 2543 hoc

411 2596 586 2641 sermonem
597 2578 704 2641 faciat.
735 2576 836 2643 Utilia
845 2592 954 2643 autem
965 2589 998 2641 et
1009 2577 1050 2641 ad
1063 2600 1125 2643 noa
1136 2579 1358 2664 paralogizari,

410 2690 442 2742 et
458 2676 499 2741 ad
518 2676 743 2763 paralogizare.
791 2680 931 2744 Scientea
952 2679 1038 2742 euim
1059 2680 1208 2763 quotiens
1228 2678 1358 2754 dicitur,

410 2799 473 2841 non
499 2776 806 2864 paralogizabimur;
839 2778 894 2841 sed
918 2778 1053 2868 sciemus
1076 2780 1103 2839 si
1126 2797 1187 2839 non
1210 2777 1250 2840 ad
1274 2778 1358 2841 idem

411 2899 586 2943 sermonem
597 2875 774 2959 faciat,qui
785 2874 977 2957 interrogat:
1001 2888 1034 2938 ct
1045 2875 1106 2959 ipsi
1118 2874 1361 2958 interrogantes,

411 2978 588 3064 poterimus
615 2974 841 3061 paralogizare,
872 2996 996 3059 semper
1023 2972 1167 3059 quidem,
1197 2972 1223 3037 ai
1251 2996 1361 3039 eorum

409 3102 484 3165 quae
510 3076 728 3162 multipliciter
757 3075 922 3152 dicuntur,
948 3074 1011 3139 alia
1039 3074 1159 3139 fuerint
1191 3097 1274 3150 vera,
1300 3074 1363 3139 alia

411 3179 512 3245 falsa:
537 3178 596 3241 nisi
607 3190 638 3241 et
648 3177 676 3241 is
691 3174 749 3261 qui
760 3175 929 3262 respondet
943 3175 1065 3243 noverit
1075 3176 1223 3261 quotiens
1233 3176 1359 3244 dicitur.

412 3280 628 3348 Univocorum
644 3301 773 3365 quoque
788 3291 819 3343 et
835 3278 1153 3359 denominativorum,
1164 3279 1244 3345 adeo
1258 3302 1362 3345 neces-

414 3387 495 3448 saria
509 3394 556 3445 est
575 3380 725 3467 cognitio,
742 3394 778 3444 ut
799 3379 866 3444 haec
881 3380 944 3443 tria
961 3378 1080 3443 scilicet
1103 3379 1276 3464 aequivoca,
1293 3382 1362 3445 uni-

413 3506 500 3563 voca,
514 3496 547 3547 et
567 3481 812 3561 denominativa,
827 3494 945 3545 asserat
970 3479 1113 3545 Isidorus
1132 3482 1362 3567 categoriarum

413 3588 641 3652 instrumenta:
667 3585 822 3672 siquidem
837 3607 1052 3672 quaecumque
1066 3585 1295 3671 praedicantur,
1306 3600 1363 3651 aut

412 3688 589 3773 aequivoce,
604 3700 660 3751 aut
681 3688 823 3765 univoce,
838 3700 894 3750 aut
916 3684 1162 3767 denominative,
1177 3687 1244 3751 auis
1261 3687 1364 3772 appli-

412 3802 524 3853 cantur
547 3789 706 3873 subjectis.
751 3787 928 3873 AEquivoce
951 3786 1094 3872 quidem,
1117 3786 1142 3850 si
1166 3808 1227 3851 non
1250 3785 1362 3852 eodem

417 3911 526 3953 sensu:
566 3888 710 3963 univoce,
740 3888 765 3952 ai
797 3887 927 3951 eodem:
967 3887 1212 3963 denominative,
1244 3887 1271 3951 si
1301 3910 1364 3952 non

414 4011 544 4074 prorsus
566 3989 689 4066 eodem,
712 4011 768 4054 nec
791 4010 920 4074 prorsus
942 3988 1015 4069 alio,
1036 3988 1092 4053 sed
1117 3989 1282 4076 adjacente
1305 3988 1364 4054 sibi

416 4089 577 4155 vicinitate
591 4090 729 4176 quadam
746 4090 907 4154 intellectu
925 4091 1106 4168 verborum,
1121 4090 1203 4153 sicut
1219 4102 1366 4155 manente

415 4191 637 4257 conformitate
658 4214 780 4257 vocum.
827 4192 878 4255 Sic
900 4216 920 4255 a
940 4192 1081 4257 bonitate
1100 4191 1216 4267 bonus,
1235 4212 1255 4251 a
1274 4188 1366 4251 forti·

415 4290 527 4355 tudine
542 4292 633 4355 fortis
647 4292 777 4366 dicitur,
793 4304 830 4355 ut
846 4312 885 4354 cx
902 4291 970 4376 ipsa
990 4291 1160 4355 verborum
1174 4286 1278 4351 torma
1291 4308 1362 4371 per·

420 4391 578 4477 pendatur
601 4392 836 4478 quodammodo
859 4392 1007 4476 adjacens
1025 4388 1213 4453 intellectus.
1261 4386 1366 4463 Unde,
