3625 5317
453 657 517 717 29⁴
719 669 1152 716 Joaurtrssuaaaaararraro

455 825 529 888 llos
542 821 672 888 humilis
686 824 813 888 cautela
826 823 909 904 sugit
922 823 1084 907 virtusque
1099 826 1248 908 probata,

540 923 605 988 Sed
620 935 726 990 umen
741 921 901 988 interdum
915 922 998 986 livor
1010 932 1181 1007 utramque
1195 925 1276 992 serit

767 1026 820 1088 De
834 1019 1084 1106 Eupdorbianir.

454 1127 529 1189 Non
544 1137 593 1188 eat
605 1133 682 1208 apta
694 1126 794 1210 loqui,
808 1123 866 1188 aed
881 1124 992 1188 sordeo
1005 1125 1129 1208 lingere
1143 1136 1221 1190 nata

539 1228 666 1311 Lingua
673 1226 1308 1314 loquax,semperadmaledictaprocax.
1323 1235 1406 1296 1⁷³0

452 1330 622 1415 Euphorbi
636 1331 741 1394 rabies
755 1329 817 1394 bac
833 1339 925 1413 pecte
939 1329 1063 1393 laborat
1077 1330 1219 1414 agitque,

540 1429 652 1495 Gratia
666 1451 707 1494 ne
722 1431 828 1513 rigeat
841 1429 909 1492 sire
922 1428 1028 1492 fidelia
1043 1450 1142 1506 amor,

454 1533 507 1597 Ne
522 1553 587 1617 qua
602 1531 716 1596 domus
730 1551 843 1616 pacem
858 1539 978 1608 teneat,
989 1552 1033 1594 ne
1048 1532 1187 1598 claustra
1203 1532 1365 1615 quietemt

540 1633 637 1698 Curia
651 1654 692 1698 ne
707 1633 828 1716 quaeris
844 1641 913 1696 tuta
926 1653 1057 1696 manere
1071 1643 1179 1716 queat

454 1736 582 1819 Lingua
588 1756 709 1800 nocens
717 1734 1002 1821 planosincrustat,
1008 1746 1122 1799 sancta
1129 1735 1314 1819 prophanat
1324 1738 1407 1800 1735

541 1837 675 1921 Semper
689 1845 722 1914 et
735 1836 770 1904 in
785 1848 920 1901 cunctos
933 1831 1043 1902 toxica
1057 1857 1142 1906 utera
1150 1835 1241 1920 jacit

815 1940 867 2004 Dc
883 1938 1038 2004 Baccara.

455 2042 617 2128 Quicquid
632 2043 741 2121 habet,
754 2061 958 2128 quacunque
978 2051 1097 2125 puteat,
1110 2041 1248 2125 exponit
1261 2052 1295 2106 et
1315 2043 1408 2109 offert

541 2147 696 2218 Baccara,
712 2155 809 2229 teque
823 2145 890 2208 suia
904 2145 1001 2208 rebus
1015 2164 1108 2226 egero
1122 2152 1222 2221 vetat,

455 2243 601 2308 Grandia
613 2247 779 2328 promittit,
794 2266 855 2309 uec
868 2266 967 2329 parra
981 2244 1128 2324 daturus,
1141 2245 1264 2310 amicos

540 2346 593 2410 Sic
610 2347 697 2424 beat,
709 2356 746 2410 ut
759 2348 879 2412 nullam
894 2357 1001 2426 sumat
1014 2368 1138 2430 egenus
1153 2369 1258 2431 opem.
1321 2352 1408 2412 1140

454 2445 489 2510 Si
503 2446 585 2531 petia
599 2446 766 2522 auxilium,
780 2457 879 2528 negat
893 2447 968 2525 hoc,
982 2448 1011 2510 ai
1026 2447 1181 2527 consulis,
1194 2447 1314 2526 haren

541 2549 630 2632 Ergo
645 2547 725 2631 quid
740 2545 918 2631 expectas?
942 2547 1087 2612 Baccara
1101 2547 1310 2630 compererit

666 2635 668 2640 ¹
846 2651 1015 2714 DeDaao.

457 2752 661 2826 Garmlitate,
677 2750 760 2816 dolis
775 2753 974 2816 conturbans
989 2751 1097 2816 omnia
1110 2751 1223 2818 Davus

543 2853 702 2918 Omnibus
714 2852 834 2927 illudit,
848 2853 931 2916 risus
945 2852 1063 2936 etipse
1077 2851 1202 2917 domus.

458 2952 634 3037 Sergiolum
650 2954 755 3020 cernis
768 2964 861 3036 gestu
875 2954 1059 3037 promittere
1075 2954 1230 3031 Scaevam,
1325 2957 1409 3024 lud
1533 2949 1536 2952 ⁴

541 3055 692 3141 Expecta
706 3055 879 3133 modicum,
894 3055 1132 3140 sardanapalus
1145 3055 1217 3124 erit·

752 3158 805 3221 De
817 3153 925 3224 schola
943 3153 1102 3226 Thersitae.

456 3255 612 3326 Thersite
628 3256 747 3322 similet
761 3257 911 3341 producit
925 3257 1015 3323 curia
1028 3259 1159 3337 multos,

543 3359 633 3432 Quos
652 3358 776 3438 schola,
790 3380 873 3442 quos
891 3362 999 3436 urbes,
1014 3381 1099 3448 quos
1112 3361 1183 3425 fora
1196 3381 1281 3428 rana
1294 3360 1409 3436 icrunt,

456 3463 547 3535 Quos
560 3461 641 3528 aluit
654 3482 767 3547 pagus,
783 3483 863 3545 quoa
877 3462 975 3526 mittit
987 3463 1123 3527 barbara
1137 3463 1244 3537 tellus,

544 3565 635 3639 Quos
655 3564 818 3634 Venusia
840 3563 1000 3642 thalamis,
1022 3573 1189 3651 castraque
1210 3563 1327 3628 Martia
1349 3563 1406 3627 ha·

670 3667 759 3744 baut,
1321 3666 1406 3730 17⁵0

322 3757 330 3770 '
457 3766 545 3838 Quou
561 3763 658 3828 etiam
673 3766 804 3830 mittunt
818 3766 937 3831 vivaria
950 3778 1044 3851 rupta
1058 3768 1208 3844 viromm,

541 3865 650 3938 Quum
665 3867 775 3930 Venus
790 3867 938 3952 impellit,
953 3888 1092 3952 quamve
1108 3869 1255 3932 Lauerna
1268 3868 1373 3934 trahit

730 3967 822 4036 Quod
834 3989 932 4032 morer
944 3967 1138 4032 attendendi.

455 4073 602 4158 Depiuxi
617 4093 720 4136 mores
735 4067 912 4142 homiuum,
930 4093 995 4156 quo
1010 4072 1133 4137 cautior
1146 4091 1248 4150 esses,

541 4177 627 4241 Nam
643 4195 701 4259 pro
715 4193 854 4256 perrona
867 4173 1003 4258 quisque
1018 4173 1175 4238 colendus
1188 4171 1258 4237 erit.

453 4273 1307 4361 Moribusesttribuendushouorcultusqueprobatia,
1326 4279 1408 4339 1755
