<?xml version="1.0" encoding="UTF-8"?>
<!DOCTYPE html PUBLIC "-//W3C//DTD XHTML 1.0 Transitional//EN"
    "http://www.w3.org/TR/xhtml1/DTD/xhtml1-transitional.dtd">
<html xmlns="http://www.w3.org/1999/xhtml" xml:lang="en" lang="en">
 <head>
  <title>
</title>
<meta http-equiv="Content-Type" content="text/html;charset=utf-8" />
  <meta name='ocr-system' content='tesseract 3.04.00' />
  <meta name='ocr-capabilities' content='ocr_page ocr_carea ocr_par ocr_line ocrx_word'/>
</head>
<body>
  <div class='ocr_page' id='page_1' title='image "./joannissaresber13johngoog_0324.png"; bbox 0 0 3625 5317; ppageno 0'>
   <div class='ocr_carea' id='block_1_1' title="bbox 474 766 1174 824">
    <p class='ocr_par' dir='ltr' id='par_1_1' title="bbox 474 766 1174 824">
     <span class='ocr_line' id='line_1_1' title="bbox 474 766 1174 824; baseline -0.003 0"><span class='ocrx_word' id='word_1_1' title='bbox 474 766 536 824; x_wconf 74' lang='lat' dir='ltr'><strong>sla</strong></span> <span class='ocrx_word' id='word_1_2' title='bbox 744 777 879 823; x_wconf 80' lang='lat' dir='ltr'><strong>sosunrs</strong></span> <span class='ocrx_word' id='word_1_3' title='bbox 894 777 1174 824; x_wconf 77' lang='lat' dir='ltr'><strong>sanssssmsusrs</strong></span> 
     </span>
    </p>
   </div>
   <div class='ocr_carea' id='block_1_2' title="bbox 408 930 1469 3845">
    <p class='ocr_par' dir='ltr' id='par_1_2' title="bbox 408 930 1469 1519">
     <span class='ocr_line' id='line_1_2' title="bbox 472 930 1424 1014; baseline -0.004 -18"><span class='ocrx_word' id='word_1_4' title='bbox 472 931 585 996; x_wconf 85' lang='lat' dir='ltr'><strong>altaria</strong></span> <span class='ocrx_word' id='word_1_5' title='bbox 607 942 639 995; x_wconf 91' lang='lat' dir='ltr'><strong>et</strong></span> <span class='ocrx_word' id='word_1_6' title='bbox 660 930 827 994; x_wconf 86' lang='lat' dir='ltr'><strong>luminaria</strong></span> <span class='ocrx_word' id='word_1_7' title='bbox 841 931 1079 1014; x_wconf 80' lang='lat' dir='ltr'><strong>praepmabant3</strong></span> <span class='ocrx_word' id='word_1_8' title='bbox 1102 941 1136 990; x_wconf 89' lang='lat' dir='ltr'><strong>et</strong></span> <span class='ocrx_word' id='word_1_9' title='bbox 1158 930 1322 1014; x_wconf 88' lang='lat' dir='ltr'><strong>quomodo</strong></span> <span class='ocrx_word' id='word_1_10' title='bbox 1341 949 1424 993; x_wconf 86' lang='lat' dir='ltr'><strong>unus</strong></span> 
     </span>
     <span class='ocr_line' id='line_1_3' title="bbox 408 1029 1469 1113; baseline -0.001 -18"><span class='ocrx_word' id='word_1_11' title='bbox 408 1079 416 1100; x_wconf 79' lang='lat'>.</span> <span class='ocrx_word' id='word_1_12' title='bbox 473 1051 582 1096; x_wconf 89' lang='lat' dir='ltr'><strong>eorum</strong></span> <span class='ocrx_word' id='word_1_13' title='bbox 597 1033 747 1113; x_wconf 79' lang='lat' dir='ltr'><strong>pulsabat</strong></span> <span class='ocrx_word' id='word_1_14' title='bbox 757 1050 946 1113; x_wconf 86' lang='lat' dir='ltr'><strong>campanam</strong></span> <span class='ocrx_word' id='word_1_15' title='bbox 961 1040 997 1094; x_wconf 91' lang='lat' dir='ltr'><strong>ut</strong></span> <span class='ocrx_word' id='word_1_16' title='bbox 1012 1029 1091 1093; x_wconf 86' lang='lat' dir='ltr'><strong>alios</strong></span> <span class='ocrx_word' id='word_1_17' title='bbox 1101 1031 1267 1094; x_wconf 77' lang='lat' dir='ltr'><strong>excitaret</strong></span> <span class='ocrx_word' id='word_1_18' title='bbox 1297 1031 1424 1103; x_wconf 84' lang='lat' dir='ltr'><strong>Quibus</strong></span> <span class='ocrx_word' id='word_1_19' title='bbox 1463 1065 1469 1076; x_wconf 92' lang='lat'><strong>·</strong></span> 
     </span>
     <span class='ocr_line' id='line_1_4' title="bbox 470 1132 1420 1216; baseline 0.001 -22"><span class='ocrx_word' id='word_1_20' title='bbox 470 1133 673 1212; x_wconf 75' lang='lat' dir='ltr'><strong>surgentibus</strong></span> <span class='ocrx_word' id='word_1_21' title='bbox 695 1133 826 1195; x_wconf 78' lang='lat' dir='ltr'><strong>miratus</strong></span> <span class='ocrx_word' id='word_1_22' title='bbox 848 1145 906 1206; x_wconf 86' lang='lat' dir='ltr'><strong>est,</strong></span> <span class='ocrx_word' id='word_1_23' title='bbox 937 1132 1115 1216; x_wconf 77' lang='lat' dir='ltr'><strong>conjiciens</strong></span> <span class='ocrx_word' id='word_1_24' title='bbox 1139 1132 1213 1196; x_wconf 88' lang='lat' dir='ltr'><strong>Deo</strong></span> <span class='ocrx_word' id='word_1_25' title='bbox 1236 1154 1308 1196; x_wconf 85' lang='lat' dir='ltr'><strong>esee</strong></span> <span class='ocrx_word' id='word_1_26' title='bbox 1331 1132 1420 1196; x_wconf 81' lang='lat' dir='ltr'><strong>sacil-</strong></span> 
     </span>
     <span class='ocr_line' id='line_1_5' title="bbox 470 1233 1423 1318; baseline 0 -22"><span class='ocrx_word' id='word_1_27' title='bbox 470 1233 582 1296; x_wconf 85' lang='lat' dir='ltr'><strong>iimum</strong></span> <span class='ocrx_word' id='word_1_28' title='bbox 597 1234 764 1318; x_wconf 87' lang='lat' dir='ltr'><strong>prophetis</strong></span> <span class='ocrx_word' id='word_1_29' title='bbox 779 1240 813 1297; x_wconf 88' lang='lat' dir='ltr'><strong>et</strong></span> <span class='ocrx_word' id='word_1_30' title='bbox 826 1235 951 1297; x_wconf 82' lang='lat' dir='ltr'><strong>sanctis</strong></span> <span class='ocrx_word' id='word_1_31' title='bbox 968 1235 1034 1296; x_wconf 89' lang='lat' dir='ltr'><strong>suis</strong></span> <span class='ocrx_word' id='word_1_32' title='bbox 1053 1234 1193 1296; x_wconf 86' lang='lat' dir='ltr'><strong>revelare</strong></span> <span class='ocrx_word' id='word_1_33' title='bbox 1212 1234 1353 1312; x_wconf 88' lang='lat' dir='ltr'><strong>occulta,</strong></span> <span class='ocrx_word' id='word_1_34' title='bbox 1369 1234 1423 1317; x_wconf 91' lang='lat' dir='ltr'><strong>qui</strong></span> 
     </span>
     <span class='ocr_line' id='line_1_6' title="bbox 471 1333 1424 1419; baseline -0.001 -21"><span class='ocrx_word' id='word_1_35' title='bbox 471 1333 578 1398; x_wconf 87' lang='lat' dir='ltr'><strong>radios</strong></span> <span class='ocrx_word' id='word_1_36' title='bbox 601 1337 766 1398; x_wconf 87' lang='lat' dir='ltr'><strong>oculorum</strong></span> <span class='ocrx_word' id='word_1_37' title='bbox 787 1334 888 1418; x_wconf 87' lang='lat' dir='ltr'><strong>ipsius</strong></span> <span class='ocrx_word' id='word_1_38' title='bbox 910 1356 967 1419; x_wconf 88' lang='lat' dir='ltr'><strong>per</strong></span> <span class='ocrx_word' id='word_1_39' title='bbox 989 1336 1147 1418; x_wconf 78' lang='lat' dir='ltr'><strong>parietum</strong></span> <span class='ocrx_word' id='word_1_40' title='bbox 1170 1333 1359 1398; x_wconf 86' lang='lat' dir='ltr'><strong>densitatem</strong></span> <span class='ocrx_word' id='word_1_41' title='bbox 1374 1334 1424 1397; x_wconf 92' lang='lat' dir='ltr'><strong>in·</strong></span> 
     </span>
     <span class='ocr_line' id='line_1_7' title="bbox 472 1435 967 1519; baseline -0.004 -20"><span class='ocrx_word' id='word_1_42' title='bbox 472 1435 668 1515; x_wconf 74' lang='lat' dir='ltr'><strong>traduxerat,</strong></span> <span class='ocrx_word' id='word_1_43' title='bbox 682 1447 830 1519; x_wconf 82' lang='lat' dir='ltr'><strong>stupente</strong></span> <span class='ocrx_word' id='word_1_44' title='bbox 844 1449 967 1501; x_wconf 88' lang='lat' dir='ltr'><strong>natura.</strong></span> 
     </span>
    </p>

    <p class='ocr_par' dir='ltr' id='par_1_3' title="bbox 470 1536 1424 3845">
     <span class='ocr_line' id='line_1_8' title="bbox 516 1536 1422 1620; baseline -0.002 -19"><span class='ocrx_word' id='word_1_45' title='bbox 516 1538 659 1619; x_wconf 80' lang='lat' dir='ltr'><strong>Urgento</strong></span> <span class='ocrx_word' id='word_1_46' title='bbox 684 1537 874 1601; x_wconf 81' lang='lat' dir='ltr'><strong>necessitate</strong></span> <span class='ocrx_word' id='word_1_47' title='bbox 900 1538 1062 1601; x_wconf 87' lang='lat' dir='ltr'><strong>divertens</strong></span> <span class='ocrx_word' id='word_1_48' title='bbox 1086 1536 1127 1600; x_wconf 87' lang='lat' dir='ltr'><strong>ad</strong></span> <span class='ocrx_word' id='word_1_49' title='bbox 1154 1538 1329 1620; x_wconf 78' lang='lat' dir='ltr'><strong>hospitium</strong></span> <span class='ocrx_word' id='word_1_50' title='bbox 1355 1558 1422 1600; x_wconf 92' lang='lat' dir='ltr'><strong>mo·</strong></span> 
     </span>
     <span class='ocr_line' id='line_1_9' title="bbox 472 1637 1423 1723; baseline -0.002 -21"><span class='ocrx_word' id='word_1_51' title='bbox 472 1638 568 1702; x_wconf 84' lang='lat' dir='ltr'><strong>nochi</strong></span> <span class='ocrx_word' id='word_1_52' title='bbox 594 1638 754 1721; x_wconf 87' lang='lat' dir='ltr'><strong>pauperis,</strong></span> <span class='ocrx_word' id='word_1_53' title='bbox 776 1648 808 1700; x_wconf 92' lang='lat' dir='ltr'><strong>et</strong></span> <span class='ocrx_word' id='word_1_54' title='bbox 833 1637 873 1702; x_wconf 90' lang='lat' dir='ltr'><strong>de</strong></span> <span class='ocrx_word' id='word_1_55' title='bbox 899 1638 1011 1722; x_wconf 87' lang='lat' dir='ltr'><strong>inopia</strong></span> <span class='ocrx_word' id='word_1_56' title='bbox 1035 1638 1170 1721; x_wconf 84' lang='lat' dir='ltr'><strong>piscium</strong></span> <span class='ocrx_word' id='word_1_57' title='bbox 1196 1660 1279 1723; x_wconf 90' lang='lat' dir='ltr'><strong>quos</strong></span> <span class='ocrx_word' id='word_1_58' title='bbox 1303 1639 1423 1721; x_wconf 77' lang='lat' dir='ltr'><strong>hospiti</strong></span> 
     </span>
     <span class='ocr_line' id='line_1_10' title="bbox 474 1741 1422 1824; baseline -0.003 -19"><span class='ocrx_word' id='word_1_59' title='bbox 474 1751 561 1805; x_wconf 84' lang='lat' dir='ltr'><strong>tanto</strong></span> <span class='ocrx_word' id='word_1_60' title='bbox 598 1749 774 1824; x_wconf 87' lang='lat' dir='ltr'><strong>apponeret</strong></span> <span class='ocrx_word' id='word_1_61' title='bbox 805 1741 940 1822; x_wconf 82' lang='lat' dir='ltr'><strong>graviter</strong></span> <span class='ocrx_word' id='word_1_62' title='bbox 973 1742 1209 1824; x_wconf 82' lang='lat' dir='ltr'><strong>conquerentis,</strong></span> <span class='ocrx_word' id='word_1_63' title='bbox 1238 1761 1304 1804; x_wconf 89' lang='lat' dir='ltr'><strong>nou</strong></span> <span class='ocrx_word' id='word_1_64' title='bbox 1338 1741 1422 1802; x_wconf 85' lang='lat' dir='ltr'><strong>enim</strong></span> 
     </span>
     <span class='ocr_line' id='line_1_11' title="bbox 471 1839 1421 1924; baseline 0.001 -21"><span class='ocrx_word' id='word_1_65' title='bbox 471 1840 614 1904; x_wconf 85' lang='lat' dir='ltr'><strong>babebat</strong></span> <span class='ocrx_word' id='word_1_66' title='bbox 627 1839 717 1903; x_wconf 90' lang='lat' dir='ltr'><strong>domi</strong></span> <span class='ocrx_word' id='word_1_67' title='bbox 731 1839 794 1902; x_wconf 90' lang='lat' dir='ltr'><strong>nisi</strong></span> <span class='ocrx_word' id='word_1_68' title='bbox 809 1860 925 1921; x_wconf 88' lang='lat' dir='ltr'><strong>panem</strong></span> <span class='ocrx_word' id='word_1_69' title='bbox 940 1852 974 1902; x_wconf 89' lang='lat' dir='ltr'><strong>ct</strong></span> <span class='ocrx_word' id='word_1_70' title='bbox 987 1860 1130 1904; x_wconf 86' lang='lat' dir='ltr'><strong>caseum:</strong></span> <span class='ocrx_word' id='word_1_71' title='bbox 1153 1843 1174 1874; x_wconf 92' lang='lat'>“</span> <span class='ocrx_word' id='word_1_72' title='bbox 1189 1841 1296 1917; x_wconf 90' lang='lat' dir='ltr'><strong>Noli‚”</strong></span> <span class='ocrx_word' id='word_1_73' title='bbox 1309 1842 1421 1924; x_wconf 85' lang='lat' dir='ltr'><strong>inquit,</strong></span> 
     </span>
     <span class='ocr_line' id='line_1_12' title="bbox 470 1940 1424 2026; baseline 0 -21"><span class='ocrx_word' id='word_1_74' title='bbox 470 1945 491 1978; x_wconf 90' lang='lat'><strong>“</strong></span> <span class='ocrx_word' id='word_1_75' title='bbox 508 1944 612 2017; x_wconf 81' lang='lat' dir='ltr'><strong>frater,</strong></span> <span class='ocrx_word' id='word_1_76' title='bbox 627 1961 685 2024; x_wconf 94' lang='lat' dir='ltr'><strong>pro</strong></span> <span class='ocrx_word' id='word_1_77' title='bbox 707 1940 835 2004; x_wconf 82' lang='lat' dir='ltr'><strong>defectu</strong></span> <span class='ocrx_word' id='word_1_78' title='bbox 854 1941 1088 2018; x_wconf 80' lang='lat' dir='ltr'><strong>alimentorum,</strong></span> <span class='ocrx_word' id='word_1_79' title='bbox 1102 1963 1174 2026; x_wconf 83' lang='lat' dir='ltr'><strong>quae</strong></span> <span class='ocrx_word' id='word_1_80' title='bbox 1196 1942 1290 2005; x_wconf 90' lang='lat' dir='ltr'><strong>nobis</strong></span> <span class='ocrx_word' id='word_1_81' title='bbox 1312 1942 1424 2005; x_wconf 85' lang='lat' dir='ltr'><strong>minis·</strong></span> 
     </span>
     <span class='ocr_line' id='line_1_13' title="bbox 470 2039 1422 2119; baseline -0.003 -11"><span class='ocrx_word' id='word_1_82' title='bbox 470 2055 608 2108; x_wconf 86' lang='lat' dir='ltr'><strong>traturas</strong></span> <span class='ocrx_word' id='word_1_83' title='bbox 622 2054 671 2107; x_wconf 87' lang='lat' dir='ltr'><strong>est</strong></span> <span class='ocrx_word' id='word_1_84' title='bbox 692 2042 792 2119; x_wconf 87' lang='lat' dir='ltr'><strong>Deus,</strong></span> <span class='ocrx_word' id='word_1_85' title='bbox 807 2042 988 2118; x_wconf 81' lang='lat' dir='ltr'><strong>sollicitari3</strong></span> <span class='ocrx_word' id='word_1_86' title='bbox 1010 2039 1069 2104; x_wconf 88' lang='lat' dir='ltr'><strong>sed</strong></span> <span class='ocrx_word' id='word_1_87' title='bbox 1083 2040 1173 2105; x_wconf 90' lang='lat' dir='ltr'><strong>mitte</strong></span> <span class='ocrx_word' id='word_1_88' title='bbox 1190 2041 1286 2106; x_wconf 88' lang='lat' dir='ltr'><strong>citius</strong></span> <span class='ocrx_word' id='word_1_89' title='bbox 1302 2053 1370 2106; x_wconf 87' lang='lat' dir='ltr'><strong>rete</strong></span> <span class='ocrx_word' id='word_1_90' title='bbox 1388 2043 1422 2105; x_wconf 89' lang='lat' dir='ltr'><strong>in</strong></span> 
     </span>
     <span class='ocr_line' id='line_1_14' title="bbox 471 2144 1421 2228; baseline -0.002 -18"><span class='ocrx_word' id='word_1_91' title='bbox 471 2167 595 2210; x_wconf 86' lang='lat' dir='ltr'><strong>amnem</strong></span> <span class='ocrx_word' id='word_1_92' title='bbox 612 2145 763 2222; x_wconf 82' lang='lat' dir='ltr'><strong>vicinum,</strong></span> <span class='ocrx_word' id='word_1_93' title='bbox 778 2155 810 2208; x_wconf 91' lang='lat' dir='ltr'><strong>et</strong></span> <span class='ocrx_word' id='word_1_94' title='bbox 823 2144 947 2228; x_wconf 87' lang='lat' dir='ltr'><strong>piscem</strong></span> <span class='ocrx_word' id='word_1_95' title='bbox 961 2145 1080 2227; x_wconf 85' lang='lat' dir='ltr'><strong>capies,</strong></span> <span class='ocrx_word' id='word_1_96' title='bbox 1094 2145 1151 2227; x_wconf 88' lang='lat' dir='ltr'><strong>qui</strong></span> <span class='ocrx_word' id='word_1_97' title='bbox 1166 2145 1304 2208; x_wconf 87' lang='lat' dir='ltr'><strong>sufficiet</strong></span> <span class='ocrx_word' id='word_1_98' title='bbox 1320 2147 1421 2208; x_wconf 92' lang='lat' dir='ltr'><strong>omni-</strong></span> 
     </span>
     <span class='ocr_line' id='line_1_15' title="bbox 470 2245 1424 2330; baseline 0 -20"><span class='ocrx_word' id='word_1_99' title='bbox 470 2249 533 2310; x_wconf 88' lang='lat' dir='ltr'><strong>bus</strong></span> <span class='ocrx_word' id='word_1_100' title='bbox 551 2245 676 2309; x_wconf 88' lang='lat' dir='ltr'><strong>nobis.”</strong></span> <span class='ocrx_word' id='word_1_101' title='bbox 719 2247 784 2309; x_wconf 87' lang='lat' dir='ltr'><strong>Vix</strong></span> <span class='ocrx_word' id='word_1_102' title='bbox 805 2246 1008 2330; x_wconf 87' lang='lat' dir='ltr'><strong>praecipieuti</strong></span> <span class='ocrx_word' id='word_1_103' title='bbox 1027 2247 1164 2329; x_wconf 86' lang='lat' dir='ltr'><strong>paritum</strong></span> <span class='ocrx_word' id='word_1_104' title='bbox 1183 2256 1249 2322; x_wconf 82' lang='lat' dir='ltr'><strong>est3</strong></span> <span class='ocrx_word' id='word_1_105' title='bbox 1275 2247 1424 2330; x_wconf 90' lang='lat' dir='ltr'><strong>eoquod</strong></span> 
     </span>
     <span class='ocr_line' id='line_1_16' title="bbox 470 2344 1424 2429; baseline 0 -19"><span class='ocrx_word' id='word_1_106' title='bbox 470 2367 520 2410; x_wconf 86' lang='lat' dir='ltr'><strong>res</strong></span> <span class='ocrx_word' id='word_1_107' title='bbox 535 2344 731 2408; x_wconf 86' lang='lat' dir='ltr'><strong>incredibilis</strong></span> <span class='ocrx_word' id='word_1_108' title='bbox 750 2345 918 2409; x_wconf 83' lang='lat' dir='ltr'><strong>videbatur</strong></span> <span class='ocrx_word' id='word_1_109' title='bbox 936 2358 969 2411; x_wconf 92' lang='lat' dir='ltr'><strong>et</strong></span> <span class='ocrx_word' id='word_1_110' title='bbox 989 2345 1163 2429; x_wconf 86' lang='lat' dir='ltr'><strong>majestatis</strong></span> <span class='ocrx_word' id='word_1_111' title='bbox 1183 2345 1302 2409; x_wconf 78' lang='lat' dir='ltr'><strong>divium</strong></span> <span class='ocrx_word' id='word_1_112' title='bbox 1321 2348 1424 2410; x_wconf 90' lang='lat' dir='ltr'><strong>mani·</strong></span> 
     </span>
     <span class='ocr_line' id='line_1_17' title="bbox 472 2445 1423 2534; baseline 0.002 -24"><span class='ocrx_word' id='word_1_113' title='bbox 472 2448 551 2510; x_wconf 83' lang='lat' dir='ltr'><strong>festu</strong></span> <span class='ocrx_word' id='word_1_114' title='bbox 571 2447 746 2526; x_wconf 83' lang='lat' dir='ltr'><strong>temptatio.</strong></span> <span class='ocrx_word' id='word_1_115' title='bbox 792 2445 857 2510; x_wconf 88' lang='lat' dir='ltr'><strong>Sed</strong></span> <span class='ocrx_word' id='word_1_116' title='bbox 876 2447 1008 2511; x_wconf 89' lang='lat' dir='ltr'><strong>tandem</strong></span> <span class='ocrx_word' id='word_1_117' title='bbox 1028 2467 1102 2510; x_wconf 89' lang='lat' dir='ltr'><strong>cum</strong></span> <span class='ocrx_word' id='word_1_118' title='bbox 1121 2448 1280 2512; x_wconf 87' lang='lat' dir='ltr'><strong>immenso</strong></span> <span class='ocrx_word' id='word_1_119' title='bbox 1294 2459 1423 2534; x_wconf 87' lang='lat' dir='ltr'><strong>stupore</strong></span> 
     </span>
     <span class='ocr_line' id='line_1_18' title="bbox 471 2545 1422 2631; baseline 0.001 -19"><span class='ocrx_word' id='word_1_120' title='bbox 471 2547 611 2612; x_wconf 92' lang='lat' dir='ltr'><strong>omnium</strong></span> <span class='ocrx_word' id='word_1_121' title='bbox 632 2545 730 2630; x_wconf 85' lang='lat' dir='ltr'><strong>juxta</strong></span> <span class='ocrx_word' id='word_1_122' title='bbox 755 2547 887 2611; x_wconf 87' lang='lat' dir='ltr'><strong>verbum</strong></span> <span class='ocrx_word' id='word_1_123' title='bbox 913 2549 973 2612; x_wconf 83' lang='lat' dir='ltr'><strong>riri</strong></span> <span class='ocrx_word' id='word_1_124' title='bbox 998 2550 1062 2613; x_wconf 90' lang='lat' dir='ltr'><strong>Dei</strong></span> <span class='ocrx_word' id='word_1_125' title='bbox 1087 2550 1175 2613; x_wconf 83' lang='lat' dir='ltr'><strong>mirae</strong></span> <span class='ocrx_word' id='word_1_126' title='bbox 1194 2549 1422 2631; x_wconf 75' lang='lat' dir='ltr'><strong>magnitudinis</strong></span> 
     </span>
     <span class='ocr_line' id='line_1_19' title="bbox 470 2648 1424 2734; baseline -0.001 -19"><span class='ocrx_word' id='word_1_127' title='bbox 470 2659 633 2715; x_wconf 79' lang='lat' dir='ltr'><strong>extractus</strong></span> <span class='ocrx_word' id='word_1_128' title='bbox 648 2657 698 2712; x_wconf 86' lang='lat' dir='ltr'><strong>est</strong></span> <span class='ocrx_word' id='word_1_129' title='bbox 711 2648 820 2732; x_wconf 88' lang='lat' dir='ltr'><strong>piscis.</strong></span> <span class='ocrx_word' id='word_1_130' title='bbox 865 2649 939 2712; x_wconf 85' lang='lat' dir='ltr'><strong>Alia</strong></span> <span class='ocrx_word' id='word_1_131' title='bbox 953 2671 1083 2734; x_wconf 88' lang='lat' dir='ltr'><strong>quoque</strong></span> <span class='ocrx_word' id='word_1_132' title='bbox 1098 2650 1169 2713; x_wconf 82' lang='lat' dir='ltr'><strong>vice</strong></span> <span class='ocrx_word' id='word_1_133' title='bbox 1183 2672 1283 2733; x_wconf 90' lang='lat' dir='ltr'><strong>quum</strong></span> <span class='ocrx_word' id='word_1_134' title='bbox 1303 2649 1424 2715; x_wconf 88' lang='lat' dir='ltr'><strong>nobilis</strong></span> 
     </span>
     <span class='ocr_line' id='line_1_20' title="bbox 470 2751 1421 2833; baseline 0.001 -18"><span class='ocrx_word' id='word_1_135' title='bbox 470 2752 518 2815; x_wconf 85' lang='lat' dir='ltr'><strong>vir</strong></span> <span class='ocrx_word' id='word_1_136' title='bbox 544 2751 706 2813; x_wconf 84' lang='lat' dir='ltr'><strong>Walterus</strong></span> <span class='ocrx_word' id='word_1_137' title='bbox 734 2761 948 2830; x_wconf 82' lang='lat' dir='ltr'><strong>cognomento</strong></span> <span class='ocrx_word' id='word_1_138' title='bbox 977 2751 1117 2833; x_wconf 86' lang='lat' dir='ltr'><strong>Tyrilius</strong></span> <span class='ocrx_word' id='word_1_139' title='bbox 1145 2773 1219 2815; x_wconf 88' lang='lat' dir='ltr'><strong>eum</strong></span> <span class='ocrx_word' id='word_1_140' title='bbox 1244 2761 1283 2814; x_wconf 92' lang='lat' dir='ltr'><strong>ut</strong></span> <span class='ocrx_word' id='word_1_141' title='bbox 1310 2774 1421 2816; x_wconf 90' lang='lat' dir='ltr'><strong>secum</strong></span> 
     </span>
     <span class='ocr_line' id='line_1_21' title="bbox 470 2850 1420 2939; baseline 0 -20"><span class='ocrx_word' id='word_1_142' title='bbox 470 2853 641 2937; x_wconf 76' lang='lat' dir='ltr'><strong>pranderet</strong></span> <span class='ocrx_word' id='word_1_143' title='bbox 657 2850 805 2915; x_wconf 87' lang='lat' dir='ltr'><strong>detinens</strong></span> <span class='ocrx_word' id='word_1_144' title='bbox 826 2850 867 2916; x_wconf 91' lang='lat' dir='ltr'><strong>de</strong></span> <span class='ocrx_word' id='word_1_145' title='bbox 887 2854 1021 2936; x_wconf 88' lang='lat' dir='ltr'><strong>penuria</strong></span> <span class='ocrx_word' id='word_1_146' title='bbox 1042 2853 1179 2936; x_wconf 82' lang='lat' dir='ltr'><strong>piscium</strong></span> <span class='ocrx_word' id='word_1_147' title='bbox 1203 2855 1321 2919; x_wconf 84' lang='lat' dir='ltr'><strong>anxins</strong></span> <span class='ocrx_word' id='word_1_148' title='bbox 1343 2876 1420 2939; x_wconf 89' lang='lat' dir='ltr'><strong>que·</strong></span> 
     </span>
     <span class='ocr_line' id='line_1_22' title="bbox 471 2950 1423 3037; baseline 0.002 -19"><span class='ocrx_word' id='word_1_149' title='bbox 471 2964 607 3029; x_wconf 82' lang='lat' dir='ltr'><strong>reretur3</strong></span> <span class='ocrx_word' id='word_1_150' title='bbox 632 2953 653 2986; x_wconf 92' lang='grc'><strong>“</strong></span> <span class='ocrx_word' id='word_1_151' title='bbox 670 2952 749 3030; x_wconf 88' lang='lat' dir='ltr'><strong>Tu,’‘</strong></span> <span class='ocrx_word' id='word_1_152' title='bbox 765 2950 881 3037; x_wconf 91' lang='lat' dir='ltr'><strong>inquit,</strong></span> <span class='ocrx_word' id='word_1_153' title='bbox 897 2953 917 2984; x_wconf 92' lang='lat'>“</span> <span class='ocrx_word' id='word_1_154' title='bbox 931 2974 1025 3016; x_wconf 85' lang='lat' dir='ltr'><strong>verus</strong></span> <span class='ocrx_word' id='word_1_155' title='bbox 1044 2954 1106 3016; x_wconf 86' lang='lat' dir='ltr'><strong>Dei</strong></span> <span class='ocrx_word' id='word_1_156' title='bbox 1130 2956 1234 3020; x_wconf 89' lang='lat' dir='ltr'><strong>cultor</strong></span> <span class='ocrx_word' id='word_1_157' title='bbox 1254 2957 1423 3020; x_wconf 86' lang='lat' dir='ltr'><strong>Anselmus</strong></span> 
     </span>
     <span class='ocr_line' id='line_1_23' title="bbox 471 3054 1423 3141; baseline 0.002 -23"><span class='ocrx_word' id='word_1_158' title='bbox 471 3056 642 3118; x_wconf 87' lang='lat' dir='ltr'><strong>consolaus</strong></span> <span class='ocrx_word' id='word_1_159' title='bbox 663 3054 828 3118; x_wconf 87' lang='lat' dir='ltr'><strong>hominem</strong></span> <span class='ocrx_word' id='word_1_160' title='bbox 851 3054 890 3118; x_wconf 86' lang='lat' dir='ltr'><strong>de</strong></span> <span class='ocrx_word' id='word_1_161' title='bbox 917 3055 1028 3138; x_wconf 89' lang='lat' dir='ltr'><strong>inopia</strong></span> <span class='ocrx_word' id='word_1_162' title='bbox 1053 3054 1249 3135; x_wconf 84' lang='lat' dir='ltr'><strong>deliciarum,</strong></span> <span class='ocrx_word' id='word_1_163' title='bbox 1271 3058 1423 3141; x_wconf 84' lang='lat' dir='ltr'><strong>quereris,</strong></span> 
     </span>
     <span class='ocr_line' id='line_1_24' title="bbox 471 3154 1423 3236; baseline 0.001 -14"><span class='ocrx_word' id='word_1_164' title='bbox 471 3166 503 3222; x_wconf 86' lang='lat' dir='ltr'><strong>et</strong></span> <span class='ocrx_word' id='word_1_165' title='bbox 516 3157 578 3220; x_wconf 92' lang='lat' dir='ltr'><strong>tibi</strong></span> <span class='ocrx_word' id='word_1_166' title='bbox 592 3155 693 3219; x_wconf 91' lang='lat' dir='ltr'><strong>sturio</strong></span> <span class='ocrx_word' id='word_1_167' title='bbox 713 3154 842 3236; x_wconf 82' lang='lat' dir='ltr'><strong>grandis</strong></span> <span class='ocrx_word' id='word_1_168' title='bbox 861 3155 1026 3220; x_wconf 83' lang='lat' dir='ltr'><strong>affertur?”</strong></span> <span class='ocrx_word' id='word_1_169' title='bbox 1048 3156 1147 3221; x_wconf 88' lang='lat' dir='ltr'><strong>Ridet</strong></span> <span class='ocrx_word' id='word_1_170' title='bbox 1165 3158 1221 3222; x_wconf 88' lang='lat' dir='ltr'><strong>ilie</strong></span> <span class='ocrx_word' id='word_1_171' title='bbox 1240 3169 1274 3224; x_wconf 90' lang='lat' dir='ltr'><strong>et</strong></span> <span class='ocrx_word' id='word_1_172' title='bbox 1293 3159 1423 3223; x_wconf 90' lang='lat' dir='ltr'><strong>omuino</strong></span> 
     </span>
     <span class='ocr_line' id='line_1_25' title="bbox 471 3255 1423 3342; baseline 0.003 -22"><span class='ocrx_word' id='word_1_173' title='bbox 471 3255 632 3332; x_wconf 85' lang='lat' dir='ltr'><strong>diffidens,</strong></span> <span class='ocrx_word' id='word_1_174' title='bbox 655 3255 731 3317; x_wconf 84' lang='lat' dir='ltr'><strong>ilico</strong></span> <span class='ocrx_word' id='word_1_175' title='bbox 754 3255 851 3339; x_wconf 81' lang='lat' dir='ltr'><strong>juxta</strong></span> <span class='ocrx_word' id='word_1_176' title='bbox 876 3258 1007 3321; x_wconf 86' lang='lat' dir='ltr'><strong>verbum</strong></span> <span class='ocrx_word' id='word_1_177' title='bbox 1032 3259 1179 3321; x_wconf 82' lang='lat' dir='ltr'><strong>Anselmi</strong></span> <span class='ocrx_word' id='word_1_178' title='bbox 1203 3259 1423 3342; x_wconf 76' lang='lat' dir='ltr'><strong>praegrandem</strong></span> 
     </span>
     <span class='ocr_line' id='line_1_26' title="bbox 471 3354 1423 3443; baseline 0.002 -23"><span class='ocrx_word' id='word_1_179' title='bbox 471 3356 642 3420; x_wconf 85' lang='lat' dir='ltr'><strong>sturionem</strong></span> <span class='ocrx_word' id='word_1_180' title='bbox 659 3354 720 3417; x_wconf 90' lang='lat' dir='ltr'><strong>sibi</strong></span> <span class='ocrx_word' id='word_1_181' title='bbox 744 3355 823 3419; x_wconf 88' lang='lat' dir='ltr'><strong>vidit</strong></span> <span class='ocrx_word' id='word_1_182' title='bbox 844 3359 948 3421; x_wconf 83' lang='lat' dir='ltr'><strong>afferri</strong></span> <span class='ocrx_word' id='word_1_183' title='bbox 968 3379 989 3422; x_wconf 87' lang='lat' dir='ltr'><strong>a</strong></span> <span class='ocrx_word' id='word_1_184' title='bbox 1008 3357 1135 3422; x_wconf 88' lang='lat' dir='ltr'><strong>dnobus</strong></span> <span class='ocrx_word' id='word_1_185' title='bbox 1155 3358 1351 3437; x_wconf 88' lang='lat' dir='ltr'><strong>bominibus,</strong></span> <span class='ocrx_word' id='word_1_186' title='bbox 1366 3361 1423 3443; x_wconf 90' lang='lat' dir='ltr'><strong>qui</strong></span> 
     </span>
     <span class='ocr_line' id='line_1_27' title="bbox 471 3455 1423 3546; baseline -0.001 -21"><span class='ocrx_word' id='word_1_187' title='bbox 471 3479 543 3525; x_wconf 86' lang='lat' dir='ltr'><strong>enm</strong></span> <span class='ocrx_word' id='word_1_188' title='bbox 566 3479 587 3521; x_wconf 83' lang='lat' dir='ltr'><strong>a</strong></span> <span class='ocrx_word' id='word_1_189' title='bbox 607 3455 789 3542; x_wconf 85' lang='lat' dir='ltr'><strong>pastoribus</strong></span> <span class='ocrx_word' id='word_1_190' title='bbox 812 3458 879 3522; x_wconf 88' lang='lat' dir='ltr'><strong>suis</strong></span> <span class='ocrx_word' id='word_1_191' title='bbox 901 3460 1066 3523; x_wconf 87' lang='lat' dir='ltr'><strong>inventum</strong></span> <span class='ocrx_word' id='word_1_192' title='bbox 1087 3460 1122 3523; x_wconf 93' lang='lat' dir='ltr'><strong>in</strong></span> <span class='ocrx_word' id='word_1_193' title='bbox 1144 3461 1217 3546; x_wconf 89' lang='lat' dir='ltr'><strong>ripa</strong></span> <span class='ocrx_word' id='word_1_194' title='bbox 1236 3461 1337 3524; x_wconf 72' lang='lat' dir='ltr'><strong>Alcis</strong></span> <span class='ocrx_word' id='word_1_195' title='bbox 1364 3461 1423 3524; x_wconf 90' lang='lat' dir='ltr'><strong>flu·</strong></span> 
     </span>
     <span class='ocr_line' id='line_1_28' title="bbox 470 3558 1424 3644; baseline -0.005 -16"><span class='ocrx_word' id='word_1_196' title='bbox 470 3561 567 3628; x_wconf 85' lang='lat' dir='ltr'><strong>minis</strong></span> <span class='ocrx_word' id='word_1_197' title='bbox 591 3558 875 3644; x_wconf 80' lang='lat' dir='ltr'><strong>transmissumque</strong></span> <span class='ocrx_word' id='word_1_198' title='bbox 901 3560 1043 3624; x_wconf 90' lang='lat' dir='ltr'><strong>Domino</strong></span> <span class='ocrx_word' id='word_1_199' title='bbox 1069 3563 1261 3626; x_wconf 85' lang='lat' dir='ltr'><strong>asserebant.</strong></span> <span class='ocrx_word' id='word_1_200' title='bbox 1317 3560 1424 3639; x_wconf 85' lang='lat' dir='ltr'><strong>Unde,</strong></span> 
     </span>
     <span class='ocr_line' id='line_1_29' title="bbox 471 3660 1423 3739; baseline 0.001 -14"><span class='ocrx_word' id='word_1_201' title='bbox 471 3661 554 3726; x_wconf 87' lang='lat' dir='ltr'><strong>sicut</strong></span> <span class='ocrx_word' id='word_1_202' title='bbox 569 3661 609 3726; x_wconf 89' lang='lat' dir='ltr'><strong>de</strong></span> <span class='ocrx_word' id='word_1_203' title='bbox 629 3661 722 3724; x_wconf 87' lang='lat' dir='ltr'><strong>beato</strong></span> <span class='ocrx_word' id='word_1_204' title='bbox 741 3660 920 3726; x_wconf 82' lang='lat' dir='ltr'><strong>Benedicta</strong></span> <span class='ocrx_word' id='word_1_205' title='bbox 940 3661 1066 3725; x_wconf 86' lang='lat' dir='ltr'><strong>celebre</strong></span> <span class='ocrx_word' id='word_1_206' title='bbox 1086 3673 1146 3739; x_wconf 87' lang='lat' dir='ltr'><strong>est,</strong></span> <span class='ocrx_word' id='word_1_207' title='bbox 1159 3661 1204 3725; x_wconf 88' lang='lat' dir='ltr'><strong>ita</strong></span> <span class='ocrx_word' id='word_1_208' title='bbox 1224 3670 1258 3725; x_wconf 89' lang='lat' dir='ltr'><strong>et</strong></span> <span class='ocrx_word' id='word_1_209' title='bbox 1278 3661 1340 3726; x_wconf 89' lang='lat' dir='ltr'><strong>iste</strong></span> <span class='ocrx_word' id='word_1_210' title='bbox 1355 3683 1423 3726; x_wconf 90' lang='lat' dir='ltr'><strong>cre-</strong></span> 
     </span>
     <span class='ocr_line' id='line_1_30' title="bbox 473 3759 1120 3845; baseline 0.002 -19"><span class='ocrx_word' id='word_1_211' title='bbox 473 3759 558 3826; x_wconf 90' lang='lat' dir='ltr'><strong>ditur</strong></span> <span class='ocrx_word' id='word_1_212' title='bbox 571 3759 721 3824; x_wconf 85' lang='lat' dir='ltr'><strong>babuisse</strong></span> <span class='ocrx_word' id='word_1_213' title='bbox 737 3761 883 3844; x_wconf 88' lang='lat' dir='ltr'><strong>spiritum</strong></span> <span class='ocrx_word' id='word_1_214' title='bbox 897 3762 1120 3845; x_wconf 86' lang='lat' dir='ltr'><strong>prophetandi.</strong></span> 
     </span>
    </p>
   </div>
   <div class='ocr_carea' id='block_1_3' title="bbox 0 0 1818 5317">
    <p class='ocr_par' dir='ltr' id='par_1_4' title="bbox 0 0 1818 5317">
     <span class='ocr_line' id='line_1_31' title="bbox 0 0 1818 5317; baseline 0 0"><span class='ocrx_word' id='word_1_215' title='bbox 0 0 1818 5317; x_wconf 95' lang='lat' dir='ltr'><strong> </strong></span> 
     </span>
    </p>
   </div>
  </div>
 </body>
</html>
