3625 5317
419 804 587 885 cnam]
781 818 1024 866 narstoarcns.
1328 803 1369 862 61

493 1040 571 1124 Cap.
587 1045 639 1103 25.
663 1040 752 1103 Laus
770 1036 1004 1103 Grnrnmaticoe
1019 1058 1062 1099 en
1079 1034 1295 1103 Quintiliano.

472 1186 540 1248 San
565 1184 641 1272 quia
664 1184 717 1250 isti
747 1184 884 1251 hesterni
914 1187 1018 1270 pueri,
1043 1182 1187 1269 magistri
1214 1182 1370 1258 hodierni,

418 1286 485 1349 heri
509 1285 696 1372 vapulantes
722 1288 754 1352 in
777 1287 891 1364 ferula,
916 1285 1012 1350 hodie
1037 1285 1144 1351 stolati
1167 1284 1316 1350 docentes
1337 1284 1370 1347 in

417 1386 578 1465 cathedra,
605 1412 644 1452 ex
672 1387 852 1472 ignorantia
875 1387 1023 1465 aliarum,
1046 1407 1189 1472 arguunt
1214 1405 1371 1471 gramma·

419 1487 513 1553 ticam
535 1489 762 1569 commendari,
776 1490 857 1577 quid
877 1488 919 1553 de
937 1489 1034 1553 laude
1053 1491 1122 1574 ejus
1143 1488 1324 1554 inveniatur
1338 1487 1370 1550 in

419 1589 502 1654 libro
516 1589 557 1653 de
577 1590 778 1656 institutione
797 1590 945 1670 oratoris,
959 1590 1093 1654 audiant
1111 1590 1280 1675 patienter,
1296 1602 1328 1653 et
1345 1587 1371 1651 si

418 1690 524 1778 placet
538 1690 760 1756 innocentibus
780 1692 996 1777 grammaticis
1015 1704 1158 1777 parcant.
1203 1690 1262 1753 Ait
1276 1712 1370 1775 ergo:

416 1796 471 1857 Nc
507 1795 579 1876 quis
615 1802 772 1878 tanquam
806 1814 912 1876 parua
945 1794 1111 1875 fastidiat
1144 1794 1375 1874 qrammutices

415 1895 594 1958 elementa:
618 1896 780 1978 nunquia
803 1914 929 1974 maana
950 1895 995 1955 sit
1017 1914 1120 1974 opera
1143 1892 1325 1955 &cernae
1352 1914 1374 1953 a

417 1993 579 2057 vocatibus
593 2001 812 2072 consonantes,
833 2014 952 2078 easque
965 1995 1064 2075 ipsas,
1078 1995 1116 2056 in
1135 1995 1374 2056 semivocalium

418 2117 601 2173 numerum,
622 2104 853 2180 mutarumque
871 2096 1009 2177 partiri,
1033 2096 1091 2158 sed
1110 2096 1191 2178 quia
1212 2095 1373 2157 interiora

419 2199 506 2261 uelut
519 2199 607 2261 sacri
621 2197 720 2281 bajus
734 2197 943 2277 adeuntibus,
953 2196 1128 2280 apparebit
1143 2216 1255 2260 reram
1268 2197 1374 2259 muita

419 2297 596 2378 subtilitas,
619 2320 690 2382 qna
717 2320 782 2362 non
810 2300 902 2363 modo
927 2320 1046 2362 acuere
1070 2300 1205 2379 incenia
1226 2299 1374 2377 puerilia

420 2399 477 2461 sed
511 2420 660 2462 exercerc
690 2400 885 2461 altissimam
921 2419 1046 2482 quaque
1074 2398 1304 2473 cruditionem,
1332 2419 1374 2459 ac

422 2500 604 2574 scietniam,
613 2503 724 2580 possit.
764 2499 833 2567 Quo
847 2500 1099 2582 minusferendi
1111 2506 1201 2571 sunt,
1216 2500 1274 2582 qui
1288 2501 1374 2561 banc

422 2610 539 2682 artem,
554 2610 591 2665 ut
607 2610 747 2680 tenuem,
760 2601 1029 2684 atquejejunam‚
1042 2602 1252 2663 cavillantur.
1284 2600 1374 2676 Qua,

421 2702 489 2765 nisi
517 2704 640 2765 maiori
662 2704 787 2784 futuro
811 2702 1040 2783 fundamento
1062 2701 1216 2781 fideliter
1241 2700 1375 2782 jecerit,

422 2805 580 2888 quicquid
608 2805 875 2885 superstruaeris,
904 2810 1043 2865 corruet.
1087 2802 1171 2864 Hac
1194 2809 1241 2863 est
1271 2803 1374 2881 iqitur

423 2904 608 2969 liberalium
623 2907 750 2967 artium
761 2906 886 2986 prima,
901 2904 1083 2966 necessaria
1098 2904 1220 2983 pueris,
1226 2901 1374 2984 jocunda

420 3004 560 3079 senibus,
586 3003 692 3065 dulcis
716 3009 910 3064 secretorum
932 3021 1052 3069 comes,-
1085 3009 1118 3063 et
1141 3021 1212 3085 qua
1233 3002 1313 3077 sola,
1337 3002 1375 3062 in

426 3106 515 3167 omni
539 3102 721 3165 studiorum
744 3124 870 3185 qenere,
893 3104 970 3187 pias
995 3101 1115 3167 babent
1139 3104 1254 3185 operis,
1277 3123 1373 3186 qnam

424 3206 657 3269 ostentationis.

690 3665 831 3729 LIBER
854 3665 1113 3731 SECUNDUS.

467 3820 668 3883 Snraaronrs
696 3818 771 3884 libri
796 3823 886 3897 serie,
914 3823 991 3887 satis
1014 3822 1153 3888 arbitror
1173 3825 1373 3913 expeditum,

423 3919 662 4002 grammaticam
684 3943 745 3985 non
770 3943 836 3985 esse
858 3920 1024 3987 inutilem:
1055 3936 1088 3988 et
1110 3926 1196 4011 quod
1221 3926 1286 3992 sine
1307 3927 1374 4007 illa,

425 4042 488 4083 non
512 4020 605 4085 modo
629 4020 810 4108 eloquentia
833 4024 975 4109 perfecta
996 4046 1059 4089 non
1081 4039 1216 4105 constat,
1239 4028 1294 4092 sed
1317 4051 1376 4093 nec

425 4121 466 4186 ad
492 4121 568 4187 alias
597 4122 807 4212 philosophiae
839 4125 1060 4211 professiones,
1090 4150 1128 4194 eo
1159 4128 1376 4205 tendentibus,

425 4223 534 4310 aliqua
548 4238 638 4311 patet
649 4226 712 4303 vis,
724 4248 783 4313 pro
793 4249 830 4291 ea
841 4249 972 4313 quoque
983 4228 1092 4293 mitius
1103 4227 1375 4316 interpretandum

424 4337 487 4389 eat:
511 4324 653 4411 eoquod
669 4348 731 4390 non
747 4327 842 4392 modo
859 4340 980 4392 naturae
996 4329 1134 4394 obnoxia
1149 4330 1304 4412 subjacet,
1320 4326 1375 4391 sed

424 4428 584 4492 uoluntati
601 4427 764 4493 hominum
777 4430 962 4514 acquiescit.
1000 4432 1083 4493 Nam
1101 4444 1132 4494 et
1148 4428 1234 4514 leges
1248 4428 1378 4512 civium,
