3625 5317
482 769 545 829 870
746 785 883 831 scaurus
898 784 1176 831 ssassnuaususrs

486 957 570 1018 gere,
584 945 617 1000 et
630 959 665 1001 se
680 939 720 1001 ab
737 939 843 1002 officio
858 938 1025 1022 suspendit
1038 941 1155 1017 altaris,
1170 939 1274 1005 donec
1289 965 1347 1026 per
1361 964 1436 1008 con·

483 1037 654 1102 sessionem
679 1052 711 1103 et
733 1039 848 1122 dignos
873 1041 1071 1122 poenitentiae
1097 1042 1219 1106 fructus
1244 1065 1265 1106 a
1285 1045 1434 1110 Romano
1487 1099 1495 1112 .

483 1136 635 1222 pontifice
649 1141 813 1203 absolutus
827 1141 942 1203 meruit
956 1141 1101 1204 relaxari.

526 1241 624 1304 Porro
648 1264 708 1306 nec
731 1243 776 1306 sic
799 1242 883 1324 regis
904 1241 1027 1325 quierit
1047 1241 1238 1323 indignatio,
1261 1246 1319 1309 sed
1341 1249 1435 1311 minis

482 1354 514 1405 et
542 1345 712 1409 terroribus
746 1345 933 1426 ampliorem
967 1343 1145 1408 intentabat
1178 1347 1342 1425 sreritiam,
1372 1351 1435 1412 nisi

481 1446 740 1524 consuetudines,
754 1467 833 1530 quas
848 1454 959 1508 contra
975 1446 1145 1508 ecclesiam
1165 1448 1326 1512 nitebatur
1339 1451 1434 1513 indu·

479 1567 562 1621 cere,
575 1548 886 1631 archiepiscoporum
900 1557 932 1608 et
941 1545 1165 1630 episcoporum
1179 1550 1366 1614 auctoritate
1380 1551 1431 1614 fir-

480 1661 640 1713 marentur
652 1663 685 1713 et
699 1649 836 1733 scriptis.
876 1647 978 1731 Cujus
992 1650 1161 1712 conatibus
1177 1650 1255 1733 quia
1268 1652 1433 1715 confessor

480 1751 611 1828 Christi,
631 1751 756 1814 futurus
777 1761 902 1832 martyr,
917 1769 952 1811 se
974 1771 1137 1833 opponere
1157 1771 1255 1814 ausus
1276 1763 1335 1830 est,
1349 1755 1432 1816 mul·

478 1853 519 1915 tis
541 1852 667 1916 iuterim
689 1854 852 1937 appetitus
878 1850 1015 1924 damnis,
1038 1853 1242 1916 contumeliis
1265 1854 1433 1918 lacessitus

477 1966 509 2018 et
528 1957 662 2018 affectus
677 1953 811 2038 injuriis,
827 1951 958 2016 tandem
978 1949 1266 2035 Northamptonam
1282 1954 1356 2039 jure
1371 1956 1432 2019 ini·

478 2076 543 2139 quo
563 2067 695 2133 tractus,
709 2077 743 2118 se
757 2056 834 2118 licet
853 2075 911 2138 per
924 2053 1068 2136 iniquam
1089 2054 1279 2117 sententiam
1301 2056 1335 2117 in
1351 2077 1430 2138 qua·

478 2157 551 2222 dam
574 2179 673 2221 causa
694 2157 878 2242 pecuniaria
900 2156 976 2219 satis
998 2155 1159 2236 patienter
1180 2156 1330 2219 sustinuit
1352 2179 1431 2221 con·

475 2255 628 2332 demnari,
663 2265 696 2318 et
730 2255 795 2336 regi
826 2253 1007 2338 judicatum
1041 2253 1123 2316 solri
1161 2255 1429 2322 sufficientissime

475 2358 568 2420 cavit.
615 2356 696 2419 Inde
711 2358 745 2419 in
761 2378 845 2432 eum,
860 2377 926 2418 non
941 2354 984 2418 ad
999 2356 1060 2419 hoc
1078 2355 1188 2439 utique
1209 2358 1353 2437 citatum,
1368 2362 1428 2422 sub

472 2467 630 2541 praetextu
660 2457 700 2520 de
729 2457 909 2520 commissis
936 2457 998 2519 sibi
1026 2468 1170 2540 tempore
1200 2458 1426 2525 administrare

474 2559 674 2624 cancellaria
696 2557 833 2640 negotiis
853 2555 1028 2620 reddenda
1053 2558 1186 2622 rationis
1207 2560 1287 2624 alias
1308 2563 1428 2625 calum-

473 2663 543 2725 nias
565 2663 767 2735 intorserunt,
781 2661 901 2745 quibus
922 2670 1033 2723 contra
1047 2659 1103 2744 jus
1119 2670 1151 2724 et
1165 2661 1214 2724 fas
1228 2660 1310 2725 adeo
1331 2685 1427 2728 rexa-

472 2778 524 2829 tus
553 2774 612 2843 est,
638 2775 672 2828 ut
701 2785 774 2827 eum
803 2761 978 2844 oportuerit
1002 2759 1152 2824 adversus
1177 2763 1360 2847 episcopos,
1385 2787 1427 2829 ne

472 2887 546 2929 eum
567 2866 687 2952 injusto
701 2865 827 2951 judicio
848 2861 1108 2941 condemnarent,
1124 2875 1161 2927 ut
1180 2864 1227 2928 sie
1248 2865 1316 2946 regi
1335 2866 1426 2931 blau·

471 2968 624 3048 direntur,
643 2969 752 3034 sedem
774 2965 984 3050 apostolicam
1006 2966 1180 3047 appellare,
1193 2981 1227 3029 et
1248 2967 1289 3029 ab
1309 2966 1357 3030 eis
1375 2968 1433 3046 tri,

472 3069 547 3134 dem
562 3071 603 3135 sit
617 3069 659 3132 ad
674 3069 796 3132 domiui
811 3088 904 3151 papae
919 3065 1115 3128 audientiam
1131 3067 1323 3149 appellatus.
1413 3115 1419 3124 .

514 3171 667 3233 Proceres
688 3183 804 3245 tamen,
819 3168 895 3231 licet
909 3158 1061 3228 adversus
1080 3185 1136 3228 eos
1155 3168 1349 3248 processerit
1368 3191 1426 3253 ap·

469 3273 609 3358 pellatio,
632 3284 664 3335 et
685 3273 745 3334 sub
767 3271 967 3333 anathemate
986 3266 1138 3352 prohibiti
1160 3268 1280 3332 sintin
1302 3282 1425 3354 patrem

471 3385 503 3440 et
522 3370 666 3460 judicem
693 3393 785 3435 suurn
811 3372 891 3435 ferre
921 3368 1123 3442 sententiam,
1146 3366 1357 3436 nihilominus
1378 3384 1426 3437 ta.

470 3499 544 3542 meu
564 3477 599 3540 iu
619 3493 703 3552 eum,
718 3495 778 3538 neo
793 3472 975 3537 confessum
989 3491 1050 3533 neo
1072 3470 1266 3548 convictum,
1281 3474 1340 3537 sed
1360 3476 1424 3558 pri·

468 3580 620 3662 vilegium
641 3575 788 3642 ecclesias
810 3585 842 3638 et
856 3593 950 3636 suum
970 3571 1129 3634 duntaxat
1148 3584 1377 3655 protestantem
1391 3589 1424 3639 et

469 3680 670 3742 invocantem
686 3676 808 3760 publici
822 3673 904 3758 juris
921 3671 1089 3744 auxilium,
1106 3687 1366 3754 proesumserunt,
1381 3675 1423 3739 ad

468 3779 631 3841 cumulum
655 3775 868 3839 damnationis
888 3793 965 3849 suae,
979 3791 1046 3834 nou
1068 3781 1132 3833 taur
1155 3771 1276 3836 dictare
1297 3785 1423 3838 senten-

467 3881 554 3958 tiam,
570 3899 665 3964 quam
681 3874 831 3956 concepti
844 3874 958 3936 furoris
972 3872 1129 3936 insaniam
1146 3893 1279 3938 vomere.
1318 3877 1421 3948 Quam

467 4005 565 4070 quum
583 3983 617 4046 in
638 3977 802 4066 publicum
825 3976 963 4060 proferre
986 3976 1114 4050 vellent,
1129 3975 1178 4037 vir
1199 3984 1330 4038 sanctus
1352 3999 1422 4041 cru·

468 4109 538 4151 cem
566 4086 696 4158 Christi,
723 4101 819 4166 quam
842 4079 1092 4142 manutenebat
1120 4087 1154 4140 et
1178 4098 1275 4160 quam
1299 4077 1424 4162 jugiter

466 4190 709 4253 circumferebat
729 4187 761 4248 in
778 4181 873 4247 corde
895 4192 928 4244 et
945 4201 1077 4264 corpore
1100 4201 1170 4257 suo,
1187 4180 1223 4242 in
1244 4180 1345 4242 ultum
1360 4180 1421 4242 eri-

466 4315 554 4373 gens,
571 4315 589 4355 a
605 4293 729 4353 funesta
748 4282 895 4350 discessit
918 4282 1014 4360 curia,
1029 4282 1300 4346 succlamantibus
1313 4281 1421 4366 impiis

465 4413 538 4455 eum
569 4389 760 4475 capiendum
786 4398 821 4449 ut
850 4383 1055 4469 proditorem,
1079 4395 1113 4445 et
1140 4384 1254 4446 merito
1284 4403 1418 4466 suspen-
