3625 5317
413 814 484 861 cnr.
502 802 561 873 1v.]
783 814 1025 861 uaramoroos.
1328 802 1369 862 ot

522 966 599 1051 Cap.
616 974 646 1031 t.
671 967 758 1041 Quid
772 968 968 1047 Dialecticu,
982 974 1014 1031 ct
1027 967 1117 1031 unda
1130 966 1265 1031 dicatur.

455 1084 525 1149 Etr
544 1097 655 1151 autem
677 1084 865 1166 Dialectica,
884 1097 921 1150 ut
942 1083 1131 1170 Augustino
1150 1082 1265 1171 placet,
1287 1082 1367 1148 bene

411 1184 598 1272 disputandi
624 1188 775 1253 scientia:
807 1187 894 1274 quod
920 1185 1051 1273 quidem
1076 1187 1123 1250 ita
1146 1182 1366 1272 accipiendum

411 1300 468 1363 est,
490 1301 527 1352 ut
549 1289 597 1353 vis
620 1289 776 1354 habeatur
798 1288 830 1353 iu
854 1289 980 1363 verbis;
1011 1311 1050 1351 ne
1072 1284 1191 1351 scilicet
1211 1285 1367 1353 dialectici

413 1390 596 1472 credantur,
610 1414 692 1477 quoa
707 1414 799 1456 casus
815 1394 910 1479 juvat
925 1391 1003 1455 artis
1020 1388 1170 1454 beneficio
1184 1387 1365 1455 destitutos.

414 1488 496 1556 Item
520 1514 583 1556 uon
598 1493 679 1558 bene
698 1492 854 1579 disputat,
871 1492 928 1579 qui
950 1492 994 1569 id,
1009 1490 1098 1578 quod
1117 1490 1265 1567 intendit,
1282 1512 1366 1570 vere,

410 1605 444 1657 et
469 1592 688 1678 probabiliter,
713 1616 918 1680 nequaquam
947 1593 1073 1681 probat.
1118 1594 1200 1658 Pace
1229 1591 1365 1655 dixerim

412 1692 686 1772 demonstratoris,
717 1708 750 1759 ct
780 1693 942 1779 sophistae,
971 1714 1110 1778 quorum
1145 1705 1258 1756 neuter
1286 1692 1367 1755 bene

411 1792 557 1879 procedit
579 1793 620 1859 ad
643 1793 841 1881 propositum
864 1792 1037 1871 dialectici,
1054 1793 1080 1857 si
1097 1791 1179 1857 aiter
1196 1789 1368 1879 probabili·

413 1908 512 1960 tatem
541 1895 735 1976 nonhabet,
761 1895 842 1960 aiter
866 1894 984 1960 deserit
1010 1896 1196 1960 veritatem:
1231 1906 1367 1979 uterque

414 1996 575 2072 tamensi
595 2020 689 2062 suum
706 1997 857 2063 metiatur
878 1996 1028 2077 officium,
1044 1998 1124 2062 bene
1146 1996 1272 2084 probat,
1288 1996 1367 2060 dum

413 2119 476 2162 nou
495 2099 619 2163 omittit
640 2099 815 2185 quicquam
835 2119 874 2162 ex
894 2099 1155 2182 contingentibus
1177 2120 1244 2162 auae
1265 2096 1367 2161 facul·

414 2200 501 2265 tatis.
552 2202 613 2265 Est
643 2213 752 2265 autem
782 2204 962 2285 disputare,
988 2198 1113 2290 aliquid
1142 2221 1264 2277 eorum,
1292 2222 1367 2287 quoe

414 2300 514 2365 dubia
528 2314 613 2379 suut,
630 2314 687 2367 aut
708 2302 742 2366 in
757 2302 1007 2368 contradictione
1022 2302 1139 2389 posita,
1154 2314 1211 2367 aut
1231 2321 1308 2388 quta
1322 2300 1367 2364 sic

413 2400 464 2466 vei
484 2403 528 2467 sic
548 2416 784 2489 proponuntur,
800 2408 923 2469 ratione
947 2405 1125 2491 supposita,
1147 2404 1292 2491 probare,
1314 2406 1368 2469 vel

414 2504 609 2593 improbare3
629 2506 859 2593 quodquidam
871 2507 1020 2594 quisquis
1031 2530 1071 2573 ex
1083 2519 1149 2572 arte
1161 2506 1368 2593 probabiliter

413 2605 502 2687 facit,
521 2607 562 2672 ad
585 2608 743 2673 dialectici
764 2610 920 2697 pertingit
943 2624 1070 2676 metam.
1117 2611 1190 2675 Hoc
1211 2623 1318 2675 autem
1339 2607 1369 2672 ei

413 2729 527 2773 nomen
550 2708 739 2781 Aristotelea
760 2723 872 2775 auctor
895 2734 973 2775 suus
992 2712 1157 2797 imposuit,
1172 2734 1211 2774 eo
1229 2709 1319 2796 quod
1334 2709 1368 2772 in

414 2807 494 2893 ipsa,
516 2822 548 2873 et
575 2832 633 2897 per
658 2810 773 2895 ipsam,
795 2808 836 2874 de
861 2808 957 2878 dictis
982 2808 1187 2895 disputatur:
1221 2824 1259 2875 ut
1284 2807 1368 2873 enim

415 2911 634 2975 Grammatico
658 2910 699 2973 de
720 2908 926 2987 dictionibus,
947 2926 980 2973 et
1007 2909 1039 2972 iu
1062 2907 1268 2989 dictionibus,
1289 2920 1370 2973 teste

414 3012 572 3093 Remigio,
583 3011 628 3074 sic
639 3011 711 3087 ista,
721 3011 762 3074 de
776 3010 882 3087 dictis,
894 3023 926 3075 et
941 3009 975 3073 in
989 3008 1085 3074 dictis
1099 3022 1157 3073 est.
1196 3007 1259 3073 Ilia
1272 3009 1370 3073 verba

414 3132 566 3177 sensuum
582 3111 818 3199 principaliter;
846 3112 901 3177 sed
916 3112 987 3177 heac
1000 3111 1161 3178 examinat
1175 3134 1286 3177 sensus
1300 3134 1370 3175 ver-

414 3214 547 3279 borum:
570 3235 642 3278 nam
657 3214 766 3294 λεκτὸν,
777 3218 892 3282 Graeoo
901 3214 1030 3303 eloquio
1042 3214 1136 3297 (sicut
1145 3212 1191 3281 ait
1204 3215 1368 3299 Isidorus,)

414 3316 537 3381 dictum
548 3316 740 3405 appellatur.
775 3316 850 3386 Sive
862 3332 969 3384 autem
981 3318 1108 3384 dicatur
1122 3340 1142 3382 a
1154 3319 1270 3385 Graeco
1282 3316 1367 3398 λέξις,

414 3418 503 3505 quod
513 3418 632 3485 locutio
641 3420 883 3506 interpretatur,
896 3421 978 3487 siout
989 3419 1191 3496 Quintiliano
1202 3421 1234 3485 in
1247 3443 1369 3508 proeex-

415 3519 655 3587 ercitaminibus
664 3521 780 3611 piacet,
789 3524 855 3587 sive
866 3546 884 3588 a
894 3525 1005 3601 λεκτὸν,
1014 3521 1100 3608 quod
1111 3522 1235 3588 dictum
1247 3545 1368 3588 nuncu-

416 3623 746 3707 patur,nonmultum
759 3625 872 3690 refert:
895 3648 997 3712 quum
1009 3621 1191 3689 examinare
1199 3624 1369 3690 locutionis

416 3721 534 3801 rim,et
549 3724 728 3810 ejus,quod
744 3723 872 3803 dicitur,
886 3725 1063 3802 veritatem,
1074 3739 1107 3790 et
1122 3746 1260 3807 sensum,
1270 3726 1367 3806 idem,

416 3836 473 3889 aut
493 3824 560 3889 iere
581 3825 679 3904 idem,
695 3826 756 3891 ait:
789 3828 836 3891 vis
856 3828 940 3892 enim
962 3826 1062 3906 verbi,
1076 3848 1187 3891 sensus
1203 3840 1271 3902 est;
1302 3851 1369 3914 quo

416 3924 442 3989 ai
458 3925 663 4004 destituatur,
679 3949 782 3991 sermo
801 3950 921 4006 cassus,
937 3940 968 3992 et
985 3925 1111 3991 inutilis
1130 3938 1189 4003 est,
1204 3939 1237 3991 et
1258 3928 1308 4007 (ut
1323 3928 1370 3993 sic

415 4023 568 4108 dixerim)
584 4041 749 4092 mortuus:
777 4039 814 4092 ut
830 4025 1079 4114 quodammodo,
1094 4025 1178 4090 sicut
1195 4048 1312 4113 corpus
1326 4026 1369 4090 ad

415 4124 694 4212 vitamvegetatur
702 4126 744 4190 ab
755 4126 871 4203 anima,
882 4124 1085 4192 sicadaitam
1095 4123 1257 4211 quandam
1269 4125 1367 4198 verbi,

415 4248 526 4293 sensus
554 4227 711 4314 proficiat.
768 4226 830 4305 Qui
859 4230 943 4294 enim
973 4226 1041 4291 aine
1070 4247 1163 4290 sensu
1193 4246 1367 4289 sermonem

412 4330 546 4414 profert,
562 4330 676 4416 utique
691 4352 753 4394 non
770 4330 925 4417 loquitar,
939 4327 995 4395 sed
1010 4349 1113 4392 aerem
1130 4325 1286 4391 verberat.

864 4537 918 4593 rt
