3625 5317
502 744 565 801 clu
767 754 904 800 rornnrs
920 754 1199 801 sonnsnsnronus

628 908 722 975 Quod
735 909 836 986 logico
851 910 1014 989 cupientes
1028 914 1059 969 el
1074 907 1327 990 discretossncr'l.

503 1006 620 1090 logico
634 1006 713 1092 quid
732 1004 846 1082 valeat,
860 1018 917 1069 sut
931 1028 989 1069 cur
1005 1006 1127 1090 placent
1144 1006 1290 1091 sapienti,
1414 1011 1453 1069 95

586 1106 752 1186 Dicturus,
767 1106 881 1169 faciem
897 1106 1150 1191 philosophantis
1165 1108 1228 1170 edi.

501 1208 562 1285 Qui
579 1208 724 1294 sequitur
739 1208 806 1270 sine
821 1222 927 1271 mente
944 1229 1070 1283 sonum,
1086 1210 1144 1291 qui
1160 1208 1257 1272 verba
1272 1209 1420 1293 capessit,

588 1314 660 1375 Non
677 1330 815 1386 sensum,
827 1309 930 1394 jndex
946 1308 1069 1394 integer
1084 1332 1153 1373 esse
1168 1310 1290 1395 nequit.

501 1413 609 1490 Quum
626 1412 689 1476 rim
705 1412 875 1477 verborum
890 1410 1017 1476 dicendi
1033 1433 1129 1475 ceusu
1144 1411 1313 1489 ministret,

589 1513 668 1581 Haec
681 1515 707 1578 si
722 1513 873 1593 nescitur,
888 1512 968 1597 quid
984 1512 1045 1576 nisi
1062 1525 1177 1577 ventus
1192 1517 1311 1577 erunt?
1411 1516 1452 1577 30

500 1618 581 1694 Quos
595 1616 698 1681 δοιιυε
712 1613 842 1680 auditor
855 1624 968 1700 penset
984 1612 1024 1676 de
1040 1624 1145 1677 mente
1162 1612 1333 1699 loquentis.
1396 1616 1401 1623 '

586 1720 660 1784 Non
675 1716 792 1803 quovis
806 1736 911 1789 seusu,
927 1735 1023 1799 quem
1041 1710 1101 1776 sibi
1116 1714 1214 1777 verbo
1228 1713 1356 1787 lerunt;

500 1824 547 1886 Ut
562 1833 667 1886 temen
682 1819 807 1883 assistet
822 1814 928 1880 verbis
943 1814 994 1877 lex
1011 1826 1097 1878 recto
1110 1814 1274 1901 loquendi,

585 1921 659 1998 Quo
672 1920 739 1986 sine
753 1942 816 1984 non
831 1914 1121 2009 poteruntpondus
1136 1917 1254 1981 habere
1267 1916 1381 1983 suurn!

498 2022 685 2108 Aucupium
701 2021 791 2087 verbi
801 2018 993 2105 jampridem
1006 2018 1103 2103 jussit
1119 2018 1160 2082 ob
1175 2018 1249 2082 nula
1407 2023 1448 2083 35

584 2123 655 2186 Lex
672 2124 828 2197 Murano,
843 2120 898 2185 sed
914 2120 974 2183 hoc
988 2132 1109 2206 proetor
1123 2120 1254 2205 iniquus
1268 2136 1367 2187 smot.

650 2224 704 2287 De
716 2224 896 2306 nugacibus
911 2224 1137 2286 mentientibus
1151 2224 1294 2305 logicam.

497 2325 556 2390 Lis
570 2336 617 2388 est
632 2324 755 2400 infelix,
771 2324 832 2389 nisi
846 2326 950 2388 forma
965 2336 1094 2410 petetur
1109 2324 1238 2411 agendi,

582 2424 685 2501 Quam
700 2423 810 2510 procul
825 2423 936 2503 arceri,
951 2428 972 2491 J
975 2425 1137 2498 ustitians,
1148 2426 1254 2511 jubes.

496 2525 548 2591 Sic
562 2525 622 2589 nisi
637 2525 825 2613 complacito
839 2525 949 2611 pueris
964 2548 1106 2590 sermone
1120 2527 1272 2613 loquaris,

582 2630 745 2716 Conspuet
761 2629 921 2693 infaciem
936 2628 1066 2713 garrula
1081 2630 1177 2694 turba
1191 2644 1292 2695 tuum.
1406 2641 1445 2697 lo

496 2734 529 2799 Si
544 2735 629 2822 sepis
643 2748 800 2811 auctores,
816 2746 959 2798 veterum
975 2732 1001 2795 si
1017 2732 1136 2819 scripta
1151 2756 1301 2811 recenses,

581 2836 630 2901 Ut
645 2849 778 2912 statuas,
794 2832 913 2919 siquid
928 2832 1012 2897 l'orte
1026 2833 1161 2917 probare
1178 2836 1266 2915 velis,

493 2937 649 3024 Undique
663 2936 860 3001 clamabunt:
886 2940 908 2971 ‘⁴
925 2948 1016 2999 vetus
1032 2934 1084 2998 hic
1099 2959 1164 3022 quo
1180 2938 1283 3004 tendit
1298 2938 1435 3004 asellus?

579 3042 650 3105 Cur
663 3053 807 3103 veterum
821 3037 914 3102 nobis
927 3036 1014 3101 dicta
1028 3036 1078 3101 vel
1091 3052 1165 3125 'acto
1180 3040 1297 3105 refert?

492 3146 521 3207 A
536 3139 627 3204 nobis
641 3141 796 3224 sepimus,
810 3140 922 3205 docuit
937 3162 970 3203 se
985 3154 1095 3205 nostra
1104 3141 1271 3224 juventus,
1402 3152 1442 3208 45

577 3244 651 3305 Nou
667 3241 780 3325 recipit
796 3255 937 3306 veterum
954 3243 1105 3328 dogmate
1120 3257 1228 3308 nostra
1243 3246 1365 3311 cohors.

491 3346 564 3408 Non
579 3364 661 3405 onus
675 3342 857 3428 accipimus,
873 3355 910 3407 ut
926 3364 1035 3408 eorum
1051 3344 1149 3409 verbe
1163 3368 1346 3431 sequamur,

576 3444 665 3522 Quos
679 3443 775 3508 habet
790 3457 937 3510 auctores
953 3448 1091 3523 Graecia,
1108 3450 1212 3513 Romo
1226 3448 1312 3512 colit.

492 3544 599 3611 Incola
613 3570 683 3611 sum
699 3546 815 3613 modici
831 3548 949 3633 pontis,
964 3569 1067 3613 novus
1080 3562 1191 3613 auctor
1206 3552 1238 3614 in
1255 3565 1335 3627 orte,

577 3651 664 3713 Dum
681 3648 769 3733 prius
783 3653 949 3715 inventum
965 3650 1085 3735 glorior
1100 3672 1167 3713 csse
1182 3672 1306 3725 menon
1402 3662 1444 3717 60

490 3748 584 3827 Quod
600 3748 737 3812 docuere
751 3772 852 3830 senes,
867 3774 925 3815 nec
940 3750 1031 3815 norit
1046 3752 1147 3815 amico
1157 3752 1323 3836 juventus,

577 3849 719 3913 Pectoris
733 3850 899 3918 inventum
911 3854 988 3938 juro
1003 3852 1101 3917 fuisse
1117 3852 1196 3925 mei;

488 3950 607 4019 Sedula
622 3972 672 4013 me
682 3951 837 4035 juvenum
853 3954 1030 4019 circumdat
1046 3955 1153 4035 turbo,
1167 3968 1327 4041 putatque

574 4051 718 4118 Grandis
727 4053 901 4139 jactantem
919 4078 979 4119 non
997 4056 1056 4121 nisi
1072 4078 1144 4120 vera
1160 4056 1278 4143 loqui.”

679 4220 684 4231 ‚
785 4155 837 4219 De
850 4156 1143 4222 Melidunensibuc.

487 4260 556 4323 Iste
569 4256 687 4343 loquax
702 4254 861 4341 dicaxque
875 4241 991 4342 paroni
1005 4254 1127 4322 redolet
1143 4256 1363 4336 Melidununr,
1398 4268 1439 4325 55

572 4360 722 4423 Creditur
738 4357 872 4423 Albrico
885 4357 1009 4422 doctior
1024 4358 1082 4423 iste
1097 4381 1166 4435 suo,
