3625 5317
668 801 745 846 vrrs
761 800 877 846 saecri
894 801 1051 848 assatur.
1274 792 1337 850 sto

385 954 593 1018 acerbitatem
614 953 790 1028 blanditiis,
807 975 893 1016 nunc
918 954 1053 1036 puerilia
1073 965 1230 1038 quantum
1249 957 1340 1037 vigor

385 1055 511 1119 sinebat
540 1054 661 1118 ordinis
691 1055 828 1117 tolerans
854 1065 886 1118 et
917 1075 1010 1138 prece
1034 1055 1085 1118 rel
1115 1056 1337 1121 exhortatione

386 1155 505 1239 sapius
525 1167 629 1233 utens,
645 1156 746 1240 jussis
768 1177 848 1234 raro,
870 1155 1106 1238 perversitatem
1129 1177 1251 1220 morum
1273 1179 1338 1221 non

385 1271 448 1320 tam
465 1256 584 1340 eripuit
599 1277 695 1340 quam
711 1256 860 1341 surripuit
866 1277 875 1332 ;
894 1269 927 1320 et
942 1256 1180 1340 quodammodo
1194 1259 1337 1340 ignarum

386 1357 624 1422 adolescentem
637 1357 754 1422 divinae
768 1357 850 1438 legis
861 1357 1001 1420 nexibus
1015 1359 1220 1442 compedivit
1251 1362 1338 1424 Nam

385 1459 487 1541 primo
508 1459 650 1522 omnium
674 1458 825 1543 repressit
842 1457 963 1536 odium,
977 1470 1050 1542 post
1069 1459 1225 1535 extinxit3
1246 1461 1280 1523 in
1303 1483 1338 1525 se

386 1560 503 1624 deinde
517 1561 702 1643 provocavit
716 1561 880 1636 affectum,
895 1571 928 1624 et
942 1559 1059 1623 sensim
1074 1560 1109 1624 in
1124 1559 1194 1644 jam
1208 1563 1338 1625 exculto

385 1675 515 1744 pectore
538 1661 619 1724 sevit
634 1674 667 1726 et
682 1661 761 1725 aluit
779 1661 904 1724 sincera
923 1661 1067 1742 gramina
1088 1662 1238 1724 caritatis.
1284 1662 1338 1726 Sic

385 1763 495 1845 ltaque
510 1783 552 1826 ex
567 1763 766 1844 benignitate
781 1774 815 1825 et
828 1762 1052 1825 benevolentia
1060 1763 1191 1846 juvenis
1210 1783 1339 1847 promp-

385 1865 541 1926 tissimam
567 1862 782 1926 obedientiam
808 1862 1006 1945 procurarit3
1034 1872 1072 1926 nt
1095 1864 1151 1946 qui
1176 1875 1249 1928 ante
1273 1885 1339 1928 non

386 1963 586 2040 admittebat,
612 1985 632 2026 a
660 1983 853 2046 quocunque
882 1963 933 2025 vel
962 1965 1059 2027 verba
1086 1985 1174 2027 nunc
1199 1965 1339 2047 amplec-

385 2076 506 2128 teretur
538 2074 571 2128 et
606 2066 748 2128 verbera.
808 2064 871 2135 Qui
909 2064 1050 2126 omnium
1086 2067 1340 2147 perversissimus

387 2168 499 2244 fuerat,
516 2186 628 2228 omnes
648 2175 830 2229 coaetaneos
850 2163 891 2227 de
911 2165 1026 2230 virtute
1044 2166 1079 2229 in
1099 2167 1248 2230 virtutem
1265 2188 1339 2251 pro·

390 2267 502 2357 ficiens
518 2267 698 2346 antecessit,
712 2277 746 2330 et
759 2267 801 2331 ad
816 2263 1023 2350 perfectiores
1038 2268 1175 2331 accessit
1189 2269 1223 2331 in
1238 2269 1338 2333 brevi.

386 2369 453 2433 alii
468 2389 605 2452 namque
626 2370 661 2432 in
684 2389 733 2448 eo,
747 2370 833 2434 velut
851 2370 885 2432 in
907 2369 1047 2453 quodam
1067 2372 1200 2454 speculo
1223 2369 1339 2436 divine

387 2471 506 2552 gratim,
530 2469 614 2555 quod
638 2471 835 2535 imitarentur
856 2483 889 2534 et
910 2471 998 2534 unde
1020 2472 1116 2534 sitam
1137 2494 1228 2537 suam
1254 2493 1341 2536 com-

386 2583 553 2654 ponerent,
576 2572 670 2636 sacile
692 2585 840 2656 poterant
868 2573 995 2637 intueri.
1040 2573 1105 2636 Sed
1127 2595 1227 2656 quum
1248 2595 1341 2639 max·

387 2675 469 2736 imus
484 2673 560 2736 inde
575 2673 697 2736 fructus
709 2675 869 2736 Ecclesia
883 2684 1076 2756 speraretur3
1094 2674 1224 2756 juvenis
1239 2689 1340 2739 morte

386 2774 556 2838 immatura
581 2795 655 2837 curn
680 2773 804 2852 ingenti
830 2773 942 2834 dolore
970 2783 1003 2835 et
1030 2773 1172 2835 lacrimis
1195 2777 1340 2839 omnium

390 2888 571 2958 preventus
601 2885 657 2936 est.
717 2873 769 2935 Eo
797 2893 874 2935 sero
902 2873 937 2934 in
966 2873 1136 2936 ecclesiam
1164 2895 1224 2958 pro
1253 2898 1340 2943 more

387 2977 511 3054 delato,
527 2975 699 3038 Anselmus
729 2973 862 3038 secessit
893 2974 928 3036 in
958 2974 1161 3038 secretiorem
1190 2979 1342 3044 orationis

388 3081 510 3152 locum,
527 3077 651 3142 caeteris
668 3078 754 3144 circa
768 3075 954 3141 defitnctum
973 3076 1006 3140 in
1026 3076 1224 3142 orationibus
1242 3102 1338 3146 occu-

387 3180 481 3264 patis.
527 3179 592 3252 Qui
619 3200 717 3264 quum
740 3202 782 3244 ex
806 3179 934 3243 tristitia
955 3188 987 3242 et
1008 3178 1158 3258 lacrimis,
1180 3193 1216 3246 ut
1235 3183 1285 3259 fit,
1305 3185 1340 3247 in

388 3281 547 3345 somnium
561 3281 685 3344 lumina
699 3282 862 3364 paululum
879 3280 1070 3356 declinarct3
1092 3278 1174 3345 vidit
1187 3303 1341 3366 personas

389 3379 527 3444 candore
543 3382 650 3444 vultus
665 3391 697 3444 et
712 3380 809 3444 vestis
831 3381 986 3462 insignes,
1000 3393 1037 3446 ut
1053 3381 1095 3445 de
1113 3383 1261 3448 Osberno
1279 3407 1339 3450 suo

389 3479 560 3544 dictaretur
574 3479 742 3556 indicium,
756 3479 934 3543 considere.
979 3480 1084 3545 Adest
1104 3490 1138 3544 et
1155 3482 1209 3546 ille
1227 3485 1340 3550 similis

390 3580 523 3653 homini,
547 3601 643 3664 quern
666 3565 721 3642 aut
749 3578 884 3643 minutio
908 3581 1007 3643 nimia
1032 3581 1082 3643 vel
1106 3581 1241 3662 languor
1264 3584 1341 3649 fecit

390 3701 595 3762 exsanguem.
634 3681 786 3744 Anselmo
801 3699 876 3742 vero
887 3677 1025 3741 sollicite
1036 3677 1228 3760 inquirente,
1241 3702 1339 3766 quam

389 3781 578 3845 sententiam
595 3781 789 3863 excepisset,
802 3777 982 3864 respondit.
1004 3780 1025 3812 ‘⁴
1040 3778 1106 3842 Ter
1118 3779 1292 3850 insurrexit
1304 3786 1339 3852 in

391 3902 442 3944 me
463 3901 595 3962 serpens
617 3882 777 3965 antiquus,
798 3892 831 3945 et
852 3889 899 3944 ter
921 3878 1041 3944 cecidit
1061 3880 1095 3944 in
1121 3883 1279 3967 seipsum
1306 3899 1340 3953 et

392 3979 523 4045 tandem
546 3978 698 4044 Ursarius
719 3981 852 4045 Domini
875 3981 1023 4044 liberarit
1046 3981 1126 4046 me.”
1170 3985 1340 4051 Probabile

391 4081 522 4168 quidem
539 4095 588 4145 est
602 4081 699 4144 tuisse
710 4082 802 4146 tertio
817 4082 1010 4166 impetitum,
1020 4085 1077 4168 qui
1090 4096 1123 4148 et
1137 4085 1178 4149 de
1193 4087 1341 4169 originali

391 4195 465 4248 ante
487 4183 693 4268 baptismum,
712 4192 744 4246 et
766 4182 806 4246 de
828 4182 1009 4250 actualibus
1029 4196 1143 4270 postea
1163 4190 1342 4256 commissis

391 4296 464 4350 ante
487 4283 723 4362 monachatum,
744 4294 777 4347 et
798 4283 838 4348 de
856 4288 1115 4369 prevaricatione
1134 4289 1341 4371 professionis

392 4387 577 4450 monastica
606 4395 730 4469 poterat
758 4387 901 4450 accusari
931 4408 989 4470 per
1017 4389 1208 4453 calumniam
1238 4391 1339 4460 hostis
