3625 5317
481 808 543 868 tte
726 822 864 867 rossnts
881 820 1159 867 sssssssmensrs
1287 805 1370 885 [ms.
1388 826 1433 872 rr.

479 972 593 1035 chosts
607 983 665 1050 est,
679 982 711 1036 et
735 970 893 1056 perfecte:
924 981 1016 1056 peter
1030 970 1244 1055 Augustinus,
1258 976 1312 1037 cui
1331 986 1434 1038 tems-

477 1072 595 1135 rsrium
623 1085 671 1135 est
696 1071 835 1145 obviare,
860 1094 928 1136 eam
953 1072 1052 1136 tantis
1075 1072 1165 1136 effert
1190 1074 1370 1158 preconiis,
1395 1088 1434 1139 ut

477 1172 653 1259 vituperari
675 1192 737 1235 non
758 1172 869 1257 possit,
889 1173 950 1235 nisi
969 1173 1012 1236 ab
1031 1170 1094 1249 his,
1109 1195 1249 1258 quorum
1272 1174 1363 1239 nullo
1385 1188 1435 1240 est

477 1272 658 1357 prudentis,
671 1270 726 1335 sed
736 1271 936 1358 impudentia
946 1273 1061 1336 mults.
1092 1272 1145 1338 nit
1157 1296 1235 1358 ergo
1245 1277 1277 1339 in
1291 1275 1433 1339 oecundo

476 1373 559 1438 libro
583 1372 624 1437 de
648 1374 776 1437 ordine:
812 1377 921 1449 Quum
944 1377 1087 1458 perfecto
1111 1382 1192 1438 esset
1218 1376 1434 1460 dispositaque

473 1478 698 1557 prarnmotica‚
721 1475 886 1537 admonita
911 1482 959 1537 eet
983 1478 1067 1537 ratio
1089 1496 1231 1555 querere
1255 1484 1354 1558 atque
1379 1485 1432 1539 at-

478 1577 605 1640 tendere
626 1579 711 1640 trane
730 1578 833 1659 ipsam
854 1578 929 1651 vim,
943 1596 1016 1657 qens
1034 1578 1162 1657 peperit
1184 1582 1297 1641 artem.
1341 1579 1434 1642 Nom

478 1698 549 1741 earn
571 1676 765 1761 definiendo,
786 1678 1018 1754 distribuendo,
1040 1679 1224 1761 cottipendo,
1243 1698 1310 1740 non
1332 1680 1436 1740 solam

477 1779 663 1859 digesserat,
684 1787 783 1861 atque
803 1777 1018 1851 ordinaverat,
1038 1799 1148 1841 veram
1168 1780 1266 1841 ctiam
1287 1779 1330 1841 atr
1345 1781 1433 1841 omni

467 1880 633 1959 salsitatis
647 1881 828 1961 irruptione
841 1878 1038 1962 defenderat.
1085 1881 1224 1954 Quando
1237 1901 1312 1961 ergo
1327 1890 1436 1943 trans-

477 1981 542 2041 iret
562 1979 606 2039 od
626 1981 693 2040 atio
705 1980 918 2059 fabricanda,
940 1981 1007 2041 nisi
1024 1981 1109 2061 ipsa,
1132 2001 1195 2042 sno
1212 1985 1319 2063 prins,
1342 1984 1435 2061 quasi

477 2080 625 2160 quedam
645 2080 904 2141 machinamento
924 2090 956 2141 et
970 2081 1186 2142 instrumenta
1205 2082 1434 2161 distingueret,

477 2186 615 2257 notaret,
642 2178 809 2259 digereret,
841 2180 1054 2261 proderetque
1085 2181 1193 2261 ipsam
1226 2182 1433 2262 disciplinam

478 2280 733 2361 disciplinarum,
749 2301 845 2361 quom
861 2282 1060 2343 dialecticam
1075 2284 1215 2344 ooeantt
1239 2282 1324 2344 Hoec
1339 2284 1431 2346 docet

477 2381 594 2452 docere,
610 2382 678 2443 trac
698 2382 787 2443 docet
809 2381 938 2444 discere.
983 2383 1027 2444 In
1047 2383 1109 2444 trac
1127 2402 1162 2445 se
1180 2384 1253 2464 ipsa
1272 2386 1359 2445 ratio
1379 2386 1434 2445 de·

478 2486 647 2556 monstrat,
670 2486 766 2563 atque
787 2483 891 2562 operit
913 2502 984 2562 quc
1006 2483 1059 2559 sit,
1080 2502 1152 2563 que
1174 2484 1271 2554 celit,·
1301 2486 1437 2565 etquid

476 2581 582 2645 caleat
606 2584 698 2657 scire,
724 2582 783 2644 scit
807 2584 884 2645 sola.
929 2583 1075 2646 Scientee
1090 2585 1215 2664 facere,
1241 2603 1310 2645 non
1334 2588 1433 2647 solam

478 2683 558 2759 onlt,
574 2684 630 2746 sed
644 2691 673 2746 et
682 2690 796 2765 potest.
831 2679 917 2758 Quid
933 2680 974 2743 sd
991 2680 1060 2744 haec
1072 2678 1284 2744 Cornificius?
1308 2686 1431 2769 Nempe

478 2781 565 2868 quod
582 2784 738 2869 cujusque
753 2782 930 2846 deficientis
944 2779 1062 2867 ingenii
1077 2791 1136 2855 est,
1154 2794 1187 2844 et
1202 2780 1345 2862 desidiae,
1359 2806 1433 2869 qum

479 2882 521 2947 sd
543 2884 743 2961 hortamento
764 2882 893 2948 virtutis
913 2895 1044 2947 stertere
1066 2884 1241 2957 consuevit,
1256 2883 1345 2969 quod
1368 2906 1430 2949 noo

480 2998 585 3072 potest
600 2986 737 3073 assequi,
750 2985 947 3050 criminetur.

481 3245 560 3325 Cep.
576 3246 628 3305 26.
653 3242 730 3316 Qua
749 3244 880 3304 consitio
895 3244 1053 3305 utendum
1074 3245 1117 3304 sit
1132 3242 1285 3306 adserens
1300 3265 1387 3321 enm,
1399 3252 1432 3307 et

707 3348 880 3422 protervae,
898 3352 928 3403 et
943 3343 1206 3405 calumniatores.

523 3502 676 3565 Ursum
698 3517 774 3581 ergo
799 3493 953 3561 adversus
978 3518 1064 3576 eum,
1086 3509 1118 3560 et
1145 3497 1432 3581 compigrescentes

482 3598 645 3687 (quoniam
656 3596 724 3683 jem
739 3596 836 3660 hebet
851 3606 1016 3659 consortes
1030 3594 1172 3676 erroris)
1188 3595 1332 3675 consilio,
1343 3597 1432 3683 quod

480 3722 513 3764 se
527 3711 601 3786 post
616 3702 728 3780 multa,
742 3720 815 3783 quae
827 3697 1000 3784 peripsam
1017 3694 1141 3773 didicit,
1152 3700 1185 3760 io
1203 3698 1308 3782 primo
1322 3712 1433 3763 contra

479 3800 698 3877 Academicos,
714 3800 791 3864 dicit
812 3798 1015 3884 Augustinus
1036 3820 1055 3861 a
1077 3798 1255 3863 Disiectics
1274 3797 1430 3863 didicisse.

480 3905 601 3967 Docuit
616 3924 677 3977 me,
689 3901 806 3988 inquit,
818 3923 916 3991 qaam
933 3902 972 3963 de
986 3922 1022 3963 re
1035 3910 1173 3980 constat,
1183 3910 1319 3983 propter
1333 3924 1431 3987 quam

478 4004 573 4069 rerba
592 4003 761 4082 dicantur,
775 4004 815 4068 de
835 4002 939 4067 certis
958 4024 1024 4065 non
1044 4001 1157 4066 dedere
1176 4003 1337 4065 contendi.
1384 4004 1430 4067 Et

478 4107 624 4191 quisquis
635 4105 751 4184 saciat
771 4106 818 4180 id,
839 4107 868 4167 si
889 4126 933 4167 en
952 4106 1122 4185 imperitia
1134 4105 1239 4184 facit,
1253 4104 1431 4166 doeendmn

477 4230 552 4285 esee,
566 4210 594 4270 si
608 4226 651 4269 en
664 4208 807 4283 matitia,
820 4206 1051 4269 deserendum:
1071 4206 1101 4267 si
1115 4205 1223 4267 doceri
1238 4226 1300 4267 non
1316 4212 1431 4288 potest,

476 4309 682 4385 monendam,
692 4306 1185 4391 utaitqnidatiadpotirnapat,
1195 4327 1294 4388 quam
1305 4315 1430 4385 tempas

476 4410 511 4472 in
526 4408 701 4489 superfluis
720 4426 912 4490 operamque
931 4412 1119 4469 concremat:
1144 4407 1174 4469 ci
1187 4426 1249 4470 non
1273 4404 1429 4485 obtempe-
