3625 5317
383 808 456 852 cnr.
473 787 540 867 111.]
730 798 972 848 usrntocrcus.
1275 785 1336 843 129

381 965 535 1043 spparoat
554 954 699 1020 evenire:
726 975 839 1039 corpus
861 952 949 1018 enim
972 948 1188 1015 acutissimum
1203 958 1262 1025 est,
1277 948 1333 1012 ubi

381 1059 414 1122 in
431 1058 549 1143 angulo
561 1056 744 1123 acutissimo
758 1068 876 1121 coeunt
889 1053 1073 1140 superficias
1087 1052 1166 1137 ejus.
1205 1050 1290 1116 Nam
1306 1050 1333 1115 si

380 1159 515 1226 obtusus
536 1159 774 1246 superficierum
801 1157 986 1225 coeuntium
1009 1153 1106 1221 fuerit
1130 1152 1276 1239 angulus,
1298 1164 1333 1217 et

381 1284 494 1349 corpus
517 1262 667 1328 obtusum
692 1284 760 1327 esse
783 1262 816 1325 in
842 1260 951 1347 aliquo
974 1256 1181 1343 multiplicius
1203 1257 1330 1334 dicitur,

379 1386 475 1451 quam
504 1365 685 1431 Aristotelis
710 1378 855 1450 tempore
884 1363 1061 1439 diceretur;
1096 1371 1130 1424 et
1154 1382 1228 1448 quae
1253 1371 1331 1425 tuuc

379 1468 476 1532 verba
497 1462 649 1555 aliquam,
673 1488 759 1532 nuno
783 1467 863 1531 forte
885 1465 1007 1530 nullam
1026 1462 1149 1528 habent
1173 1463 1332 1548 significa-

379 1570 519 1635 tionem:
542 1570 701 1656 siquidem

484 1670 572 1724 Malta
583 1676 750 1724 renascentur
761 1686 819 1739 quse
828 1670 884 1741 jam
896 1670 1021 1732 occidere,
1032 1668 1187 1737 cadentque,

487 1756 555 1818 Qua
566 1774 634 1809 nunc
645 1761 706 1809 sunt
716 1757 744 1807 in
754 1754 851 1807 honore
862 1753 997 1819 vocabula,
1009 1755 1032 1805 si
1042 1752 1112 1805 volat
1123 1770 1194 1817 usus,

486 1842 573 1904 Quem
584 1858 665 1915 penes
675 1841 809 1893 arbitrium
821 1844 870 1903 est,
882 1845 911 1892 et
917 1840 971 1910 jus,
983 1844 1010 1891 at
1020 1854 1111 1890 norma
1120 1836 1253 1906 loquendi:

379 1926 437 1993 sed
459 1926 555 2013 plane
571 1924 671 2011 magis
686 1924 845 1990 dedocent
861 1942 955 2011 quem
977 1922 1139 2006 erudiunt,
1154 1922 1257 2009 quiin
1273 1923 1334 1987 hoc

377 2029 488 2094 libello
502 2028 616 2115 legunt
637 2028 793 2109 universa,
807 2037 840 2091 et
854 2048 930 2092 eum
950 2026 1108 2091 brevitate
1122 2047 1180 2091 sua
1201 2036 1334 2091 coutan-

379 2144 449 2197 tum
473 2152 541 2197 esse
564 2148 627 2195 nou
650 2130 769 2195 sinunt.
815 2128 979 2217 Quicquid
1000 2128 1119 2195 alicubi
1138 2128 1202 2194 dici
1217 2140 1332 2216 potest,

379 2231 432 2299 hic
451 2243 627 2319 congerunt
646 2232 763 2319 quibus
782 2232 907 2317 gravior
929 2254 998 2297 esse
1019 2229 1146 2297 ridetur
1167 2231 1332 2313 confessio,

381 2358 478 2423 quam
507 2335 685 2421 ignorantia
715 2334 790 2400 veri.
824 2334 1026 2403 ,Deridsbat
1059 2356 1114 2400 eos
1142 2346 1249 2399 noster
1277 2334 1332 2399 ille

381 2439 506 2523 Anglus
524 2437 753 2524 Peripateticus
769 2436 887 2515 Adam,
903 2438 994 2523 cujus
1008 2436 1142 2522 vestigia
1155 2451 1333 2527 sequuntur

380 2538 485 2618 multi,
515 2541 572 2605 sed
601 2540 694 2627 pauci
725 2539 943 2627 praepediente
975 2539 1097 2605 invidia
1124 2543 1330 2627 profitentur:

378 2642 569 2729 dicebatque
593 2664 626 2708 so
643 2654 699 2711 aut
719 2642 854 2720 nullum,
870 2656 927 2708 sut
949 2644 1109 2708 auditores
1128 2643 1333 2729 paucissimos

380 2744 574 2826 habiturum,
589 2744 615 2809 si
633 2767 671 2809 ea
691 2744 895 2831 simplicitate
919 2766 1113 2823 sermonum,
1127 2755 1161 2807 et
1181 2744 1333 2809 facilitate

380 2846 608 2911 sententiarum
632 2846 832 2911 dialecticam
856 2845 1086 2931 traderetque
1107 2846 1208 2930 ipsam
1227 2846 1335 2910 doceri

380 2947 555 3035 expediret.
588 2944 700 3012 Habui
715 2946 801 3011 enim
817 2944 982 3009 hominem
997 2944 1186 3010 familiarem
1201 2946 1334 3011 assidui·

378 3059 445 3113 tate
461 3043 622 3130 colloquii,
638 3056 671 3110 et
691 3044 980 3110 communicatione
1001 3046 1165 3122 librorum,
1182 3059 1216 3112 et
1230 3047 1334 3135 quoti·

376 3148 476 3213 diano
490 3146 556 3211 fere
572 3146 723 3211 exercitio
738 3170 833 3233 super
854 3148 1092 3232 emergentibus
1106 3148 1246 3215 articulis
1260 3172 1334 3216 con-

379 3248 515 3315 ferendi.
547 3248 614 3317 Sed
626 3271 685 3314 nec
701 3272 765 3314 una
777 3248 829 3314 die
842 3247 1016 3335 discipulus
1026 3251 1096 3337 ejus
1109 3250 1166 3331 fui,
1178 3252 1208 3318 oi
1224 3265 1331 3320 tamen

379 3350 483 3416 habeo
501 3350 629 3435 gratias,
646 3351 732 3439 quod
755 3373 794 3417 oo
814 3350 949 3416 docente
969 3351 1062 3439 plura
1081 3355 1225 3440 cognovi,
1240 3356 1333 3443 plura

379 3448 486 3534 ipsius,
503 3448 654 3535 quonism
678 3448 765 3514 aliud
783 3450 906 3514 ratione
929 3452 1073 3518 consulta
1093 3454 1332 3541 praeelegeram,

379 3551 448 3637 ipso
477 3551 596 3617 arbitro
626 3553 800 3638 reprobavi.
853 3553 966 3640 ltaque
996 3554 1059 3633 hic,
1089 3556 1172 3622 sicut
1200 3560 1332 3648 ubique,

380 3650 524 3719 facilitati
539 3656 675 3721 arbitror
694 3656 907 3722 serviendum.
956 3657 1071 3744 Neque
1086 3660 1157 3725 hoec
1171 3663 1280 3729 omnia
1293 3686 1333 3730 oo

379 3757 544 3844 praelibari
564 3760 734 3845 proposito,
751 3773 787 3824 ut
808 3760 928 3848 ubique
942 3760 1106 3842 dicantur3
1133 3765 1190 3831 sed
1204 3788 1246 3831 ne
1260 3767 1336 3833 sile·

380 3870 475 3924 antur
489 3859 621 3947 ubique,
638 3883 711 3949 quae
732 3861 849 3928 alicubi
866 3864 929 3929 dici
952 3864 1092 3951 expedit,
1106 3866 1223 3933 librum
1246 3893 1333 3937 com·

380 3962 540 4029 mandari.
576 3962 646 4028 Nec
661 3965 813 4051 poenitet:
837 3967 989 4055 quoniam
1005 3990 1114 4035 revera
1129 3976 1334 4041 commenda·

381 4062 453 4128 bilis
475 4074 533 4129 est.
579 4066 742 4130 Caeterum
759 4067 783 4130 si
800 4069 871 4154 plus
878 4068 969 4153 justo
984 4070 1107 4136 caritati
1118 4072 1331 4158 indulgeatur,

381 4188 455 4252 quae
485 4166 524 4231 ad
555 4169 660 4253 prima
688 4170 763 4234 artis
794 4171 955 4237 elementa
982 4173 1152 4241 studiosius
1181 4178 1276 4241 rudes
1300 4191 1334 4243 et

385 4268 604 4334 detrectantes
619 4270 742 4348 invitat,

520 4402 555 4414 ·-
568 4370 611 4425 Sic
624 4376 710 4445 pueris
721 4372 782 4426 olim
796 4375 858 4427 dunt
871 4376 983 4429 crustula
995 4378 1084 4429 blandi

486 4456 621 4521 Doctores,
633 4458 761 4511 elementa
773 4460 854 4513 velint
865 4468 895 4513 ut
906 4462 1005 4513 discere
1016 4464 1110 4531 prima:

420 4562 492 4607 VOL.
509 4565 539 4610 V.
843 4568 864 4611 Κ
