3625 5317
399 812 470 865 osa.
487 802 559 881 xm]
754 806 991 862 nsracocicns.
1126 870 1141 911 0
1303 800 1343 858 61

400 990 463 1034 non
486 966 581 1033 modo
603 966 779 1045 literarum,
802 966 1008 1053 syllabarum,
1028 963 1269 1049 dictionumque
1291 985 1346 1028 na·

399 1083 503 1135 turam
528 1069 717 1147 considerat,
743 1081 775 1133 et
805 1069 903 1155 pedes
931 1073 964 1134 in
990 1066 1109 1149 metris,
1134 1077 1281 1130 accentus
1309 1064 1345 1131 in

399 1172 540 1258 syllabis,
551 1170 709 1247 attendit3
734 1168 787 1236 sed
803 1186 835 1237 et
850 1172 971 1255 figuras
980 1183 1188 1235 accentuum:
1213 1179 1250 1233 ut
1265 1168 1346 1232 scias

398 1275 450 1339 cui
462 1274 594 1360 syllabas
608 1276 724 1359 gravis,
735 1290 877 1353 secutus,
888 1284 946 1336 aut
960 1270 1184 1336 circumflexus
1197 1284 1346 1335 accentus

399 1374 562 1441 inuitatur.
599 1378 719 1441 Sensus
730 1394 860 1461 quoque
874 1372 1046 1457 distinguit
1060 1372 1224 1459 posituris,
1236 1371 1269 1436 id
1285 1381 1345 1448 est,

399 1476 510 1559 liguris
525 1476 739 1542 indicantibus
759 1475 815 1541 ubi
836 1476 940 1551 colon,
955 1474 1011 1538 ubi
1034 1494 1169 1554 comma,
1184 1473 1240 1537 ubi
1261 1472 1346 1559 peri·

400 1577 492 1659 odus,
507 1578 540 1641 id
563 1590 623 1658 est,
641 1577 697 1642 ubi
718 1576 953 1654 subdistinctio,
968 1586 1025 1640 sut
1045 1574 1152 1638 media
1172 1570 1347 1651 distinctio,

398 1692 456 1744 aut
472 1680 635 1744 distinctio
648 1678 796 1745 facienda
810 1679 861 1742 sit.
907 1677 1002 1755 Quod
1019 1676 1150 1763 quidem
1171 1674 1349 1759 significan-

399 1780 466 1844 tius
491 1780 692 1865 interpretari
717 1800 898 1865 possumus,
920 1790 959 1842 ut
985 1777 1026 1842 sit
1050 1780 1138 1841 colon
1162 1777 1349 1851 membrum,

398 1902 519 1947 commo
548 1884 719 1961 articulus,
740 1882 893 1965 periodus
908 1882 1090 1962 circuitus,
1115 1878 1173 1965 qui
1199 1876 1350 1943 sermonis

400 1982 589 2049 sententiam
611 1982 743 2050 claudit.
800 1982 862 2046 Sed
884 1980 1028 2068 quidam,
1051 1996 1089 2048 ut
1110 1981 1274 2068 patentius
1296 1980 1349 2058 sit,

401 2085 513 2152 dicunt
529 2090 579 2167 (an
603 2098 687 2150 recte
702 2084 840 2150 viderint
854 2084 942 2171 ipsi,)
960 2086 1050 2149 colon
1071 2106 1148 2159 esse,
1165 2084 1220 2149 ubi
1237 2080 1350 2169 vulga-

401 2186 479 2252 riter
491 2199 645 2274 punctum
656 2186 1038 2272 dicimus,sutquendam
1049 2185 1180 2272 spiritus
1189 2197 1347 2250 tractum:

401 2308 532 2368 commo,
548 2290 603 2355 ubi
623 2290 715 2376 quasi
728 2288 883 2353 divisione
902 2288 1007 2353 media
1026 2290 1186 2375 partimur
1201 2308 1348 2361 sersum3

403 2390 581 2477 periodum,
593 2415 668 2479 quaa
683 2391 835 2455 sermonis
850 2412 976 2455 sensum
992 2412 1065 2455 cum
1081 2390 1266 2475 integritate
1276 2409 1351 2453 oon-

401 2491 516 2561 cludit.
553 2495 637 2559 Sunt
651 2506 683 2559 et
699 2510 795 2575 notoe,
809 2516 884 2580 quas
900 2494 1131 2579 scripturarum
1147 2490 1350 2577 distinguunt

402 2596 534 2671 modoa;
560 2608 595 2660 ut
611 2594 882 2681 deprehendatur,
897 2595 977 2683 quid
993 2596 1026 2659 in
1040 2596 1086 2660 eis
1100 2592 1255 2672 lucidum,
1271 2591 1350 2679 quid

401 2697 585 2779 obscurum,
607 2697 687 2783 quid
709 2706 844 2778 certum,
865 2698 945 2783 quid
968 2697 1123 2763 dubiumr
1155 2708 1188 2761 et
1209 2697 1243 2760 in
1265 2695 1351 2760 hunc
1381 2680 1388 2693 ⁸

403 2800 546 2878 modum,
575 2799 721 2887 plurima.
777 2803 856 2865 Pars
886 2800 954 2863 haec
984 2813 1090 2864 tamen
1114 2797 1192 2861 artis
1216 2797 1284 2882 jam
1310 2818 1352 2860 ex

403 2904 542 2968 maxima
561 2918 653 2989 parte
673 2902 705 2967 in
726 2900 969 2965 desuetudinem
989 2898 1087 2963 abiit:
1111 2896 1192 2961 adeo
1206 2896 1352 2983 quidem,

402 3017 441 3070 nt
464 3001 688 3069 studiosissimi
709 3001 870 3067 literarum
893 3000 1007 3065 merito
1028 3012 1214 3086 querantur,
1234 3006 1267 3063 et
1287 2996 1354 3063 fere

403 3107 548 3191 lugeant,
563 3125 628 3167 rem
652 3100 864 3180 utilissimam,
884 3115 917 3167 et
939 3115 1003 3166 tam
1026 3101 1067 3165 ad
1091 3124 1142 3166 res
1162 3099 1354 3182 retinendas,

402 3228 503 3295 quarn
525 3202 758 3292 intelligendas,
775 3202 1031 3281 efficacissimam,
1054 3203 1210 3290 majorum
1232 3216 1355 3271 nostro-

404 3324 476 3373 rum
507 3306 639 3386 invidia,
660 3319 717 3373 aut
742 3306 947 3394 negligentia,
972 3320 1072 3372 artem
1098 3304 1171 3371 dico
1195 3304 1354 3395 deperisse

405 3410 572 3476 notariam.
617 3410 686 3476 Nec
708 3408 842 3475 miretur
862 3408 948 3495 quis,
969 3420 1091 3475 tantam
1114 3408 1179 3473 vim
1201 3408 1299 3474 fuisse
1319 3408 1353 3474 in

405 3511 545 3578 notulis:
568 3533 671 3598 quum
686 3523 719 3577 et
735 3510 855 3576 Musici
870 3524 1028 3589 cantores,
1043 3513 1153 3597 paucis
1167 3510 1355 3576 characteri-

405 3614 476 3692 bus,
488 3614 604 3681 multas
615 3624 789 3692 acutarum,
799 3626 830 3678 et
842 3613 986 3699 gravium
997 3612 1204 3691 differentias,
1214 3612 1355 3678 indicent

406 3740 528 3784 vocum.
572 3716 618 3781 Et
637 3720 679 3782 oh
694 3714 755 3781 hoc
775 3716 917 3803 quidem,
931 3714 1126 3780 characteres
1140 3713 1212 3779 illos
1226 3715 1354 3780 musicse

406 3820 510 3885 claves
523 3820 643 3884 dicunt.
690 3818 724 3883 Si
745 3832 850 3883 tamen
873 3828 964 3882 tanta
978 3816 1117 3881 scientias
1131 3815 1230 3881 clavis
1245 3814 1305 3883 tuit
1320 3816 1354 3881 in

407 3920 538 3997 notulis,
559 3920 674 3986 mirum
696 3932 744 3985 est
766 3933 900 3999 nostros,
922 3918 997 3985 licet
1017 3918 1112 4006 plura
1133 3918 1273 3997 scierint,
1292 3940 1355 3984 non

407 4022 573 4107 agnovisse
594 4021 738 4107 majores,
760 4031 816 4086 aut
838 4034 937 4086 tantae
964 4018 1102 4085 scientias
1126 4019 1268 4105 perditas
1289 4042 1356 4083 esse

406 4121 520 4188 claves.
566 4124 685 4187 Seneca
699 4144 732 4185 se
746 4132 846 4186 artem
867 4120 1089 4208 comparandae
1111 4124 1271 4187 memoriae
1293 4131 1357 4183 tra-

405 4224 547 4290 diturum
573 4220 722 4287 facillime
748 4218 936 4308 pollicetur:
966 4235 996 4286 et
1020 4221 1141 4287 utinam
1167 4218 1356 4284 innotuisset

405 4326 496 4402 mihi,
519 4325 574 4393 sed
597 4324 684 4412 quod
708 4346 775 4387 eam
800 4324 982 4397 tradiderit,
1006 4322 1135 4386 omnino
1156 4341 1219 4385 non
1243 4319 1356 4383 recolo.

406 4426 532 4494 'l'ullius
553 4427 587 4491 in
610 4424 789 4490 Rhetoricis
810 4447 939 4511 operam
963 4422 1087 4487 dedisse
1102 4420 1185 4485 visus
1205 4434 1269 4486 est:
1301 4420 1356 4486 sed

854 4544 873 4588 E
890 4534 910 4589 2
