3625 5317
398 818 468 863 cnr.
484 797 570 881 xm]
758 814 1003 868 nursaomcns,
1207 771 1211 782 .
1289 807 1351 870 175

399 970 498 1033 Hunc
513 966 610 1033 solius
626 967 687 1033 Dei
710 992 787 1051 esse,
802 984 834 1037 et
854 970 1026 1039 admodum
1049 995 1226 1061 paucorum
1248 974 1351 1041 homi·

398 1091 475 1134 num
492 1072 690 1147 selectorum,
706 1073 815 1138 asserit
830 1072 933 1140 Plato.

400 1260 479 1344 Cap.
499 1264 549 1323 19.
573 1260 660 1333 Quid
678 1263 849 1343 comantia,
870 1270 902 1327 et
922 1262 1008 1345 quod
1024 1267 1098 1347 ipsa
1118 1266 1157 1328 de
1174 1285 1273 1329 sensu
1288 1284 1352 1347 per

797 1370 951 1447 gratiam.

443 1480 630 1545 Sanianum
651 1502 725 1543 vero
745 1482 891 1568 sequitur
910 1482 1121 1558 intellectum,
1140 1506 1180 1546 eo
1198 1483 1285 1569 quod
1300 1482 1350 1547 di·

398 1580 471 1644 vina
484 1579 525 1645 de
540 1581 588 1645 his
603 1582 709 1659 rebus,
725 1604 806 1667 quas
828 1586 911 1649 ratio
932 1583 1079 1661 discutit,
1094 1583 1276 1649 intellectus
1294 1604 1349 1647 ex·

397 1682 524 1767 carpsit,
540 1702 666 1746 suavem
690 1682 807 1748 habent
830 1698 974 1767 gustum,
989 1697 1021 1748 et
1042 1685 1075 1748 in
1094 1706 1233 1747 amorem
1253 1705 1349 1747 sunm

398 1785 518 1847 animas
531 1784 744 1870 intelligentes
755 1786 943 1851 accendunt.
981 1790 1066 1851 Nam
1077 1799 1110 1851 et
1121 1808 1160 1849 ex
1176 1809 1214 1849 eo
1228 1782 1351 1871 sapien-

398 1886 474 1950 tiam
490 1886 552 1953 dici
568 1910 649 1963 reor,
664 1887 752 1973 quod
774 1888 848 1953 boni
870 1910 1012 1975 saporem
1033 1888 1149 1953 babent
1169 1887 1202 1951 in
1221 1885 1348 1951 divinis.

399 1987 496 2052 Unde
510 2003 627 2075 patres,
644 1988 805 2053 scientiam
826 1991 969 2055 referunt
991 1990 1032 2054 ad
1055 1990 1201 2068 activam,
1215 1988 1256 2053 ad
1276 2010 1350 2053 con·

397 2089 615 2177 templativam
631 2112 716 2169 vero,
731 2091 929 2176 sapientiam.
975 2092 1070 2155 Patet
1086 2112 1125 2154 ex
1140 2091 1203 2167 his,
1217 2089 1305 2176 qnod
1321 2089 1348 2153 si

397 2194 471 2279 quis
485 2196 662 2279 praemissos
676 2193 797 2279 gradum
816 2208 987 2274 recenseat,
1000 2194 1043 2257 de
1064 2192 1258 2279 scaturigine
1279 2216 1349 2257 sen·

397 2316 491 2361 suum
507 2296 600 2359 etiam
613 2294 810 2381 sapientiam,
822 2308 986 2381 praeeunte
1000 2305 1034 2359 et
1042 2295 1222 2383 opitulante
1235 2295 1349 2381 gratia,

396 2397 520 2463 videbit
534 2420 689 2463 emanare.
735 2398 779 2464 Et
796 2412 833 2463 ut
854 2398 1047 2485 Prophetiuo
1067 2397 1247 2463 testimonio
1267 2420 1348 2485 gau·

396 2500 539 2576 deamus,
556 2500 650 2563 timor
664 2501 744 2585 ipse,
758 2501 815 2586 qui
830 2514 878 2564 est
891 2500 1019 2565 initium
1036 2500 1210 2587 sapientiae,
1225 2498 1266 2575 de
1280 2520 1349 2564 sen·

396 2624 446 2677 su,
457 2600 507 2664 vel
517 2600 740 2687 imaginatione
751 2622 842 2687 paene
850 2602 1017 2685 contingit.
1041 2603 1106 2677 Qui
1117 2625 1220 2688 quum
1232 2601 1347 2666 sollici·

394 2717 492 2788 tetur,
507 2728 546 2770 ne
563 2704 704 2792 vapulet,
722 2704 882 2792 punientis
897 2706 1017 2769 habens
1035 2707 1231 2786 memoriam,
1244 2706 1348 2792 ipsius

395 2806 535 2873 declinat
559 2806 721 2871 offensam.
766 2806 974 2870 Proemiorum
1004 2828 1135 2891 qnoque
1164 2828 1269 2882 sensu,
1296 2810 1348 2870 vel

394 2910 629 2996 imaginatione,
647 2907 687 2972 ad
703 2907 889 2991 obsequium
907 2907 1022 2990 punire
1035 2920 1069 2972 et
1084 2908 1179 2971 beare
1196 2906 1348 2993 potentie,

393 3010 555 3077 incitatur.
599 3008 755 3073 Pietatem
770 3028 847 3091 ergo
861 3006 1017 3086 exercuit,
1025 3007 1083 3092 qui
1097 3004 1235 3071 declinat
1249 3011 1348 3071 offen·

394 3136 471 3193 sam,
496 3110 553 3177 sed
576 3132 634 3195 per
654 3107 881 3195 experientiam
903 3108 1049 3193 obsequii
1074 3108 1239 3174 scientiam
1266 3131 1348 3174 asse-

393 3227 518 3302 quutus
532 3222 591 3277 est.
638 3210 719 3273 Haec
735 3208 830 3290 enim,
844 3209 977 3275 actionis
991 3222 1049 3274 eet.
1088 3210 1210 3274 sivero
1225 3232 1346 3276 assues·

393 3328 444 3381 cat
453 3313 668 3402 experientiae,
679 3334 719 3377 ex
727 3312 957 3378 consuetudine
965 3313 1188 3399 gerendorum,
1200 3312 1347 3398 provenit

393 3417 562 3483 fortitudo.
609 3414 657 3481 Ut
681 3428 790 3479 autem
816 3415 1005 3503 obsequium
1032 3414 1231 3497 rationabile,
1256 3416 1347 3503 quod

394 3522 610 3609 gratissimum
639 3531 700 3597 est,
730 3530 872 3605 praestet,
900 3521 1067 3585 consilium
1097 3520 1346 3597 deliberationis,

395 3646 492 3712 super
517 3623 605 3702 actis,
628 3621 677 3685 vel
704 3622 846 3706 agendis,
871 3620 1031 3714 oboritur.
1076 3620 1347 3687 Deliberationem

394 3727 540 3815 sequitur
554 3723 743 3804 intellectus,
758 3723 920 3787 meliorem
935 3736 1057 3809 partem
1070 3721 1207 3788 retinens
1225 3724 1258 3787 in
1274 3722 1346 3787 sinu

395 3852 470 3903 suo;
494 3840 639 3893 versatur
664 3827 746 3890 enim
773 3826 806 3888 in
837 3824 965 3902 divinis,
992 3847 1130 3911 quorum
1160 3840 1284 3911 gustus,
1311 3838 1347 3889 et

393 3951 494 4007 amor,
505 3940 538 3994 et
553 3928 754 4005 inhaerentia,
771 3948 844 3991 vera
858 3925 987 3990 demum
1004 3926 1161 4014 sapientia
1173 3941 1234 3993 est.
1274 3931 1347 3995 Hos

393 4043 498 4095 tamen
520 4033 640 4117 gradus
658 4052 720 4093 non
741 4041 894 4115 operatur
911 4042 1038 4107 natura,
1057 4027 1112 4091 sed
1135 4028 1249 4115 gratia,
1269 4051 1345 4114 quae

392 4129 433 4193 de
444 4130 531 4194 sonte
543 4132 703 4203 se'nsnum,
717 4149 776 4213 pro
787 4124 919 4190 arbitrio
930 4149 997 4207 sno,
1011 4125 1096 4190 elicit
1109 4127 1213 4190 varios
1223 4126 1345 4189 rivulos

393 4231 605 4312 scientiarum,
619 4244 651 4295 ct
667 4228 844 4316 sapientiae:
868 4226 1040 4293 invisibilia
1055 4228 1128 4304 Dei,
1143 4248 1201 4308 per
1219 4248 1258 4289 ea
1271 4247 1346 4311 qnoe

391 4335 477 4398 faeta
499 4346 585 4411 sunt,
605 4331 800 4408 manifestat,
820 4343 851 4395 et
878 4329 1089 4415 manifestata,
1102 4326 1242 4414 quadam
1264 4326 1347 4392 cari·

391 4438 467 4500 tatis
482 4436 605 4501 unitate
621 4431 845 4509 communicat,
860 4446 892 4496 et
908 4432 1067 4496 bominem
1086 4434 1155 4494 Deo
1169 4432 1248 4495 unit.
