3625 5317
410 818 482 865 cur.
500 798 567 878 uu]
797 809 1042 856 unrsmnrcos.
1302 794 1361 854 lta

410 976 445 1033 at
458 968 659 1041 diversivoca,
674 980 748 1047 quoe
770 958 925 1025 Boethius
946 956 1067 1043 adjicit,
1083 955 1186 1041 magis
1198 956 1241 1021 ad
1254 978 1362 1041 gram

410 1067 560 1135 maricam
575 1062 745 1151 pertinent.
790 1063 971 1129 Multicoco
985 1076 1094 1125 aurem
1109 1070 1193 1137 sunt,
1209 1080 1311 1146 quum
1325 1059 1359 1123 in

410 1168 553 1254 ejdedam
586 1164 633 1231 rei
669 1162 868 1229 intellectum
903 1171 938 1227 et
970 1158 1232 1237 nominationem,
1269 1160 1363 1246 plura

412 1270 509 1335 rerba
523 1275 729 1333 concurrunt:
753 1276 800 1342 ut,
815 1267 913 1342 enda,
927 1284 1048 1341 mucro,
1059 1264 1202 1345 gladius.
1246 1265 1363 1330 Dicer-

414 1377 529 1453 ss‘soca,
551 1390 626 1456 quse
647 1388 754 1449 sensu,
775 1375 809 1430 et
829 1384 908 1429 voca
930 1362 1055 1427 diversa
1075 1375 1162 1427 aunt:
1190 1374 1229 1426 ut
1247 1367 1365 1441 Homo,

414 1476 526 1557 Lapis.
571 1470 744 1537 Rationem
765 1487 840 1531 raro
862 1463 1098 1543 indifferentiae,
1117 1485 1216 1551 quam
1238 1486 1366 1552 semper

414 1572 639 1659 approbamus,
654 1570 737 1635 iiber
757 1568 817 1633 ista
838 1565 1044 1631 commendat
1057 1586 1125 1651 prce
1139 1564 1281 1635 crateris:
1304 1568 1365 1632 etei

416 1676 537 1762 ubique
556 1672 738 1758 diligenter
767 1668 959 1755 inspicienti,
988 1666 1157 1733 manifesta
1185 1668 1235 1733 sit
1288 1668 1368 1753 Agit

416 1766 505 1843 enim
532 1796 618 1839 nunc
643 1773 684 1837 de
706 1768 969 1856 significantibus,
995 1789 1083 1833 nunc
1106 1768 1150 1833 da
1171 1769 1367 1854 significatis,

417 1878 618 1963 aliorumque
633 1873 810 1941 doctrinam
826 1870 903 1937 iacit
917 1868 1100 1936 nominibus
1112 1870 1258 1938 aliorum.
1287 1872 1370 1936 Sunt

417 1979 473 2067 qui
488 1978 607 2045 librum
622 1977 730 2051 istum,
741 1973 892 2061 quoniam
908 1971 1134 2039 elementarius
1147 1983 1205 2051 est,
1221 1974 1368 2039 inutilem

418 2081 486 2145 fare
500 2078 622 2155 dicunt,
638 2089 672 2143 at
686 2076 761 2143 satie
775 2098 844 2143 esse
858 2085 974 2161 putant
986 2074 1029 2141 ad
1042 2074 1311 2161 persuadendum,
1324 2098 1370 2159 ra,

418 2183 452 2247 in
468 2180 636 2247 dialectica
654 2178 833 2265 disciplina,
856 2192 890 2243 at
909 2176 1097 2263 apodictica,
1115 2198 1184 2243 ease
1203 2178 1370 2265 periectos,

421 2283 447 2349 si
462 2280 710 2368 contempserint
725 2280 776 2345 val
795 2279 1012 2365 ignoraverint
1031 2279 1097 2357 illa,
1117 2281 1245 2367 quaein
1267 2280 1372 2366 primo

419 2396 600 2449 commento
616 2404 711 2469 super
732 2381 955 2468 Porphyrium,
971 2392 1143 2468 autequam
1159 2381 1236 2447 artis
1249 2382 1371 2469 aliquid

419 2486 602 2570 attingatur,
618 2484 713 2551 docet
728 2483 882 2551 Boethius
902 2483 1117 2569 praelegenda.
1162 2484 1276 2569 Longe
1290 2483 1371 2549 mibi

420 2587 484 2653 alia
508 2608 599 2652 meus
624 2597 683 2668 eat,
708 2607 768 2653 uec
794 2585 887 2651 video
913 2586 1084 2672 quomodo,
1110 2586 1179 2650 sina
1204 2586 1275 2664 isto,
1299 2585 1372 2672 quis

420 2688 521 2773 magis
535 2687 633 2774 possit
653 2709 722 2753 eme
744 2686 876 2771 logicus,
892 2708 989 2773 quam
1011 2687 1079 2753 siue
1098 2686 1200 2752 literia
1217 2688 1372 2753 literatus.

425 2788 512 2855 Hinc
527 2790 613 2854 anim
636 2786 714 2875 quid
736 2788 770 2853 in
793 2788 888 2853 rebus
901 2786 1072 2871 singulare,
1087 2786 1167 2872 quid
1184 2787 1373 2863 universale,

426 2890 505 2977 quid
530 2889 717 2966 substantia,
740 2887 818 2974 quid
842 2887 1000 2969 accidens,
1022 2885 1102 2974 quid
1122 2887 1156 2950 in
1177 2886 1376 2953 sermonibus

426 2993 603 3079 equivoco,
619 2990 698 3077 quid
717 2989 862 3067 univoce,
884 2989 964 3075 quid
981 2988 1218 3054 denominativa
1240 2989 1375 3068 dicatur,

424 3091 633 3177 conspicuum
659 3102 719 3156 est.
776 3088 864 3155 Hinc
889 3090 1162 3175 incomplexorum
1188 3091 1376 3177 significatio

424 3192 614 3259 innotescit:
653 3191 728 3257 binc
757 3191 932 3257 rectissima
966 3192 1215 3277 investigationis
1243 3194 1378 3259 docetur

426 3294 554 3361 modus:
579 3292 653 3358 binc
668 3294 709 3361 ad
727 3293 850 3359 notitioe
870 3293 1098 3380 perfectionem
1118 3294 1222 3381 prima
1240 3307 1275 3361 at
1293 3295 1377 3361 diiu-

427 3396 500 3463 cida
522 3407 610 3483 patet
631 3396 691 3463 via.
739 3396 905 3484 Siquidem
931 3396 974 3463 ad
994 3397 1175 3465 babendum
1201 3398 1377 3486 perfectam

427 3500 580 3586 cujusque
603 3499 649 3565 rei
668 3498 825 3583 noudum,
849 3500 1071 3586 Peripateticae
1092 3500 1279 3587 disciplina,
1302 3522 1377 3588 quse

428 3602 461 3666 iu
485 3600 726 3686 investigatione
747 3602 816 3667 reri
838 3602 970 3678 laborat,
992 3624 1060 3688 pras
1084 3602 1208 3667 crateris
1230 3600 1380 3668 videntur

429 3702 489 3769 ista
514 3702 666 3769 sufficere.
714 3700 823 3767 Primo
849 3703 980 3790 quidam
1004 3725 1095 3768 nosse
1121 3703 1162 3768 de
1191 3702 1380 3791 aliquodve

428 3809 488 3871 sic:
513 3804 637 3879 deinde,
659 3808 749 3887 quid,
771 3806 877 3888 quola,
899 3814 1072 3888 quonium,
1093 3809 1138 3870 cd
1158 3808 1292 3889 aliquid,
1313 3808 1380 3885 ubi,

431 3908 560 3988 quondo
573 3909 626 3981 cit,
641 3908 794 3987 quomodo
810 3908 920 3986 sitnm
935 3908 1014 3988 qnid
1026 3906 1151 3982 decimi,
1162 3908 1281 3990 sedet,
1292 3908 1381 3989 poti·

433 4014 517 4071 ator.
560 4003 739 4071 Novissima
753 4006 927 4093 speculatio
941 4017 990 4071 aot
1004 4004 1038 4070 in
1053 4010 1192 4089 singulis
1206 4028 1308 4090 quare
1319 4009 1380 4070 sit:

432 4118 466 4172 et
487 4128 561 4194 quae
579 4108 649 4193 jam
671 4129 735 4173 nou
758 4109 853 4175 ruodo
872 4109 916 4175 ad
931 4107 1122 4196 Angeiicam
1141 4106 1381 4195 perfectionem,

432 4209 488 4273 sed
515 4209 556 4273 ad
577 4208 695 4275 divinae
719 4210 892 4292 majestatie
914 4208 1155 4297 praerogativam
1179 4204 1321 4271 accedit:
1351 4203 1383 4266 ei

434 4330 574 4396 namque
599 4310 658 4375 soii
685 4332 789 4375 rarum
819 4310 963 4377 omnium
994 4334 1089 4377 cauca
1117 4307 1267 4387 innotuit,
1292 4305 1384 4388 cnjus

437 4410 583 4479 voluntas
597 4411 740 4477 omnium
757 4413 909 4497 primaeva
929 4423 1095 4489 causaest,
1109 4423 1143 4475 at
1157 4408 1213 4495 qui
1227 4418 1385 4494 quatenus
