3625 5317
457 690 520 749 2⁰6
714 699 851 745 scansis
867 696 1146 743 sannsnnnmusrs
1266 681 1348 760 [cra.
1364 700 1407 744 rr.

458 852 552 917 diem.
598 854 681 917 Nam
697 872 806 917 omnes
820 849 945 926 insulse,
961 846 1002 912 de
1012 852 1088 935 jure
1102 848 1247 933 antiquo,
1257 870 1298 913 ex
1313 849 1411 914 doua-

458 952 544 1021 tione
570 953 783 1028 Constantini,
806 951 864 1037 qui
888 972 956 1015 eam
984 950 1133 1015 fundavit
1154 962 1187 1014 et
1209 949 1346 1031 dotavit,
1366 951 1412 1015 di·

460 1066 581 1119 cuntur
593 1054 634 1118 ad
651 1058 826 1119 Romanam
844 1052 1018 1117 Ecclesiam
1034 1052 1203 1138 pertinere.
1244 1054 1409 1118 Annulum

459 1176 591 1243 quoquc
606 1177 664 1240 per
685 1177 736 1219 me
752 1155 928 1219 transmisit
942 1176 1088 1233 aureum,
1101 1153 1271 1239 smaragdo
1290 1158 1412 1240 optimo

457 1256 652 1333 decoratum,
680 1278 746 1343 quo
768 1256 857 1321 lieret
887 1254 1075 1319 investitura
1099 1256 1186 1340 juris
1210 1256 1243 1319 in
1275 1255 1412 1337 gerenda

459 1357 630 1423 Hibernia:
660 1359 810 1445 idemque
832 1356 939 1422 adbuc
960 1358 1100 1422 annulus
1126 1358 1159 1421 in
1182 1356 1283 1422 curali
1304 1357 1412 1422 arcbio

457 1460 586 1549 publico
599 1460 751 1527 custodiri
762 1460 874 1547 jussus
888 1473 946 1523 est.
992 1460 1026 1524 Si
1041 1460 1179 1524 virtutes
1193 1460 1264 1544 ejus
1284 1480 1413 1546 percur-

457 1584 524 1628 rere
540 1562 644 1636 velim,
663 1562 694 1626 in
714 1560 821 1645 magni
842 1559 1011 1624 voluminis
1029 1559 1160 1635 librum,
1182 1560 1250 1625 hoec
1270 1583 1336 1625 una
1356 1583 1413 1626 ex·

458 1675 576 1751 crescet
596 1663 738 1728 materis.
784 1662 936 1725 Omnium
961 1683 1037 1725 vero
1058 1672 1179 1726 mentes
1200 1662 1303 1747 magis
1322 1662 1412 1729 exul·

458 1776 544 1831 cerat
559 1765 694 1829 scissura
710 1763 876 1829 Ecclesiae:
902 1782 989 1849 quoe,
1001 1763 1207 1849 exigentibus
1220 1762 1325 1849 culpis
1343 1784 1412 1827 nos·

459 1867 529 1944 tris,
556 1866 703 1953 contigit,
729 1877 821 1931 tanto
850 1878 941 1951 patre
968 1865 1106 1931 sublato.
1151 1864 1321 1950 Expetirit
1345 1886 1412 1930 eum

459 1967 628 2047 sahanas,
642 1978 680 2033 ut
692 1968 844 2034 cribraret
861 1967 946 2031 sicut
968 1967 1124 2044 triticum,
1138 1982 1171 2032 et
1194 1967 1352 2052 undique,
1370 1965 1413 2030 al·

460 2068 560 2133 terius
587 2068 683 2135 Judae
711 2068 884 2155 proditoris
915 2068 1099 2149 ministerio,
1127 2068 1356 2133 amaritudines
1380 2081 1410 2131 et

459 2166 607 2235 scandala
629 2168 759 2254 spargit.
805 2170 964 2236 Oriuntur
990 2170 1074 2235 bella
1099 2170 1270 2258 plusquam
1296 2169 1412 2235 civilis.

460 2268 675 2336 Sacerdotalia
689 2271 773 2335 enim
791 2285 877 2347 suut,
892 2285 924 2336 et
947 2271 1097 2338 fraterna.
1143 2274 1238 2338 Nunc
1253 2271 1412 2358 judicium

459 2386 507 2438 est
521 2370 647 2447 mundi,
662 2384 694 2436 et
712 2371 889 2437 timendum
911 2396 952 2438 ne
972 2388 1096 2461 purtem
1119 2374 1284 2441 stellarum
1304 2395 1411 2438 aecum

459 2472 601 2539 involvat
624 2472 785 2539 ambitiosi
805 2473 897 2539 ruina
918 2474 1101 2561 proditoris
1146 2479 1206 2540 Voe
1224 2488 1333 2540 autem
1357 2473 1413 2551 illi,

458 2598 518 2663 per
545 2596 642 2662 quem
667 2575 728 2641 boc
754 2576 937 2642 scandalum
965 2580 1062 2644 venit.
1107 2581 1152 2644 Et
1179 2575 1275 2664 plane
1301 2576 1416 2642 melius

460 2691 540 2760 erat,
563 2678 589 2744 si
616 2691 709 2745 nutus
733 2699 796 2744 nou
820 2679 943 2745 luisset.
989 2678 1114 2745 Publici
1140 2680 1261 2744 doloris
1288 2700 1415 2765 expono

459 2802 587 2847 causus:
619 2800 720 2868 quum
738 2791 843 2845 tamen
866 2779 996 2845 aliunde
1015 2779 1204 2845 familiarius
1225 2780 1336 2846 dolore
1350 2794 1414 2845 tor·

461 2895 570 2967 queat,
580 2894 652 2948 tum
664 2904 726 2947 non
738 2881 956 2969 leviori,quod
968 2882 1009 2947 ad
1023 2904 1073 2947 me
1085 2896 1220 2969 spectat.
1253 2882 1415 2971 Siquidem

459 2996 553 3068 pater·
573 3006 673 3062 meus,
696 2995 728 3049 et
749 2984 910 3061 dominus,
933 2984 1030 3049 immo
1054 2996 1087 3048 et
1118 2996 1205 3058 tuus,
1231 2983 1417 3049 venerabilis

460 3083 678 3161 Tbeobaldus,
695 3085 935 3150 cantuariensis
949 3083 1219 3171 Arcbiepisoupus
1232 3085 1267 3150 in
1287 3084 1417 3171 aegritu·

463 3181 569 3249 dinem
596 3184 723 3250 incidit:
755 3198 792 3251 ut
816 3187 975 3252 incertum
1000 3188 1053 3266 sit,
1076 3187 1157 3275 quid
1179 3209 1317 3273 sperare,
1338 3186 1418 3274 qnid

463 3284 573 3350 timere
588 3295 744 3371 oporteat.
790 3286 936 3370 Negotiis
950 3309 1038 3353 more
1052 3288 1146 3353 solito
1166 3310 1332 3374 superesse
1353 3310 1416 3354 non

462 3396 582 3473 potest:
605 3384 812 3473 injunxitque
823 3387 901 3451 mibi
913 3388 1109 3474 provinciam
1120 3388 1248 3467 duram,
1257 3404 1290 3455 et
1300 3391 1418 3477 impor-

465 3486 562 3553 tabile
573 3510 655 3554 onus
667 3486 830 3576 imposuit,
842 3488 984 3555 omnium
997 3490 1293 3557 Ecclesiasticorum
1305 3490 1418 3556 sollici-

463 3588 616 3655 tudinem.
656 3591 819 3657 Anxiatur
830 3614 906 3681 ergo
919 3591 1416 3680 undiqueinmespiritusmeus,

463 3701 497 3757 et
512 3696 673 3759 cruciatus
691 3716 775 3779 quos
795 3695 910 3779 patior,
925 3716 989 3759 nou
1009 3692 1131 3759 sufficio
1148 3718 1307 3761 enarrare.
1352 3695 1415 3761 Sed

464 3793 497 3859 iu
526 3791 577 3858 his
605 3792 764 3873 omnibus,
794 3796 924 3863 unicum
953 3797 1032 3863 milri
1063 3796 1230 3863 consilium
1260 3811 1416 3886 superest,

465 3896 571 3961 Deum
588 3894 760 3971 bominem,
776 3897 974 3966 intemerata
989 3899 1122 3985 virginis
1143 3898 1257 3979 filium,
1272 3922 1415 3967 exorare:

464 3998 522 4087 qui
542 3996 630 4063 velut
653 3997 685 4063 in
706 3998 781 4063 navi
800 3998 976 4081 dormiens,
1000 4001 1142 4067 fidelium
1164 4004 1314 4089 precibus
1336 4002 1417 4069 exci-

467 4101 583 4169 tandus
602 4113 661 4178 est,
677 4113 714 4166 ut
737 4104 907 4187 procellam
930 4090 1098 4190 componat
1121 4105 1341 4193 naufragantis
1357 4108 1419 4172 Ee-

465 4204 581 4281 clesiae,
596 4218 628 4270 et
648 4204 813 4270 domiuum
835 4227 954 4281 meum,
970 4207 1050 4273 sicut
1074 4208 1134 4273 sibi
1157 4222 1191 4273 et
1212 4207 1306 4274 nubis
1323 4229 1418 4295 expe-

465 4304 533 4373 dire
548 4306 716 4392 praenovit,
730 4307 771 4372 ab
786 4306 870 4371 omui
886 4306 1070 4372 infirmitate
1084 4309 1199 4376 mentis
1217 4322 1250 4375 et
1265 4312 1417 4398 corporis,
