3625 5317
486 770 548 837 162
733 788 871 836 scaurus
886 788 1167 835 saansaanrausrs
1284 771 1370 849 [ara.
1387 790 1431 834 ιν.

484 956 575 1030 puta,
589 962 687 1029 quum
704 944 853 1027 quianon
870 954 1004 1027 urgente
1019 964 1051 1005 se
1063 940 1185 1005 ratione
1195 939 1434 1026 complexionis,

486 1045 526 1109 ad
542 1042 735 1130 impossibile
750 1042 868 1109 ductus
889 1066 957 1108 ease
970 1056 1133 1122 causatur,
1149 1042 1205 1107 sed
1219 1068 1257 1107 eo
1272 1044 1360 1130 quod
1377 1044 1434 1108 l'al·

486 1168 557 1210 aum
574 1144 697 1232 aliquid
719 1144 858 1231 positum
880 1144 988 1217 fuerit,
1005 1144 1149 1231 sequitur
1169 1145 1211 1210 de
1230 1169 1326 1210 causa
1346 1145 1435 1211 falsa·

483 1247 704 1325 conclusionis,
738 1262 775 1313 ut
805 1246 1065 1335 catasyllogismi,
1093 1263 1126 1314 et
1155 1249 1303 1328 Elencbi,
1331 1266 1365 1315 et
1394 1249 1435 1313 de

483 1349 609 1415 fallacia
624 1348 796 1414 secundum
813 1349 1005 1435 opinionem,
1020 1363 1053 1415 et
1067 1350 1108 1413 de
1122 1350 1325 1414 conversione
1340 1348 1434 1413 medii

482 1464 515 1517 et
531 1464 757 1528 extremorum,
771 1451 865 1535 cujus
885 1464 990 1515 tamen
1012 1463 1080 1515 tota
1096 1449 1219 1514 utilitas
1239 1448 1333 1535 longe
1351 1472 1436 1515 com·

483 1550 611 1615 modius
639 1550 722 1614 tradi
746 1561 859 1635 potest.
905 1549 1122 1635 subjungitur
1144 1549 1227 1612 ratio
1244 1548 1433 1613 reducenda

484 1649 688 1725 inductionis,
725 1670 822 1735 quam
853 1648 932 1714 dicit
962 1649 1172 1714 Rhetoricum
1201 1647 1433 1734 syllogismum,

484 1752 594 1817 itidem
620 1766 650 1817 et
676 1751 826 1837 exempli,
852 1764 883 1816 et
910 1752 951 1816 de
974 1751 1181 1815 deductione:
1212 1750 1328 1815 deinde
1354 1750 1433 1837 quid

484 1853 647 1931 instantia,
664 1854 741 1939 quid
759 1852 950 1939 rix05,q11am
967 1853 1162 1939 probabilem
1184 1852 1433 1938 propositionem

482 1955 571 2033 dicit,
582 1957 639 2019 etsi
651 1958 720 2041 ejus
731 1958 830 2043 possit
842 1980 906 2019 esse
919 1956 1079 2033 instantia,
1089 1955 1121 2019 id
1132 1969 1192 2029 est,
1202 1977 1264 2020 non
1277 1969 1433 2041 perpetuo

481 2056 1083 2136 obtineat:utmatresamare,norercas
1090 2056 1242 2121 invidere.
1261 2056 1430 2131 Quiditem

482 2156 607 2243 rignum
619 2172 651 2223 ct
667 2162 828 2245 quomodo
842 2160 1060 2245 Enthymema
1073 2171 1196 2223 constet
1211 2182 1252 2224 ex
1267 2158 1432 2239 eicotibus,

480 2272 513 2324 et
535 2260 645 2345 signis.
692 2263 857 2327 Postremo
878 2262 946 2346 agit
968 2261 1009 2325 de
1031 2262 1215 2347 cognitione
1236 2272 1431 2327 naturarum.

481 2360 611 2427 Grande
626 2363 755 2449 quidem
776 2364 966 2451 capitulum,
982 2376 1014 2427 et
1030 2364 1118 2449 quod
1134 2363 1208 2428 licet
1229 2364 1431 2450 aliquatenus

479 2464 644 2551 proposito
658 2465 811 2545 conferat,
834 2464 929 2530 fidem
947 2478 1052 2531 tamen
1067 2466 1213 2552 promissi
1229 2486 1430 2551 nequaquam

479 2565 601 2651 implet.
625 2568 735 2631 Unum
745 2566 820 2649 scio,
834 2588 886 2631 mc
902 2568 1000 2653 hujus
1014 2566 1145 2651 capituli
1158 2567 1321 2645 beneflcio,
1333 2565 1430 2631 ncmi-

478 2688 552 2732 nem
567 2668 599 2735 in
615 2670 795 2757 cognitione
810 2683 997 2737 naturarum
1013 2669 1128 2736 vidisse
1142 2671 1333 2758 perfectum.

479 2861 558 2944 Cap.
575 2866 606 2925 6.
628 2860 682 2927 Da
701 2862 890 2950 difficultate
908 2862 1119 2945 posteriorum
1135 2861 1385 2943 Anolpticorum,
1400 2866 1431 2924 et

815 2966 904 3029 anda
918 2966 1097 3048 continpat.

520 3103 762 3166 Posraaroaau
785 3121 861 3163 vero
882 3098 1125 3185 analyticorum
1150 3096 1278 3163 subtilis
1299 3098 1428 3184 quidem
1521 3140 1526 3150 ι

478 3204 607 3267 scicntia
622 3214 679 3280 est,
695 3213 726 3265 et
748 3202 859 3285 paucis
879 3202 1014 3287 ingeniis
1030 3201 1160 3287 pervia:
1188 3201 1275 3288 quod
1296 3201 1428 3287 quidem

478 3324 517 3367 ex
533 3301 636 3365 causis
651 3300 798 3385 pluribus
812 3302 938 3363 evenire
955 3300 1160 3386 perspicuum
1175 3314 1233 3365 est.
1278 3302 1430 3366 Continet

477 3406 560 3469 enim
572 3418 672 3469 artem
688 3402 939 3477 demonstrandi,
953 3426 1028 3489 qua·
1037 3427 1105 3492 pne
1119 3403 1242 3469 caeteris
1253 3403 1430 3469 rationibus

477 3507 663 3587 disserendi,
677 3504 779 3571 ardua
794 3518 852 3571 est.
897 3505 1023 3571 Deinde
1038 3506 1106 3571 haec
1126 3506 1284 3572 utentium
1300 3507 1430 3573 raritate

472 3612 541 3698 jam
556 3611 623 3676 lere
644 3610 676 3676 in
699 3609 943 3675 desuetudinem
966 3608 1056 3687 abiit,
1072 3610 1212 3696 eoquod
1235 3609 1430 3676 demonstra-

479 3713 574 3780 tionis
597 3736 687 3795 usus,
702 3714 755 3777 vix
778 3712 864 3799 apud
888 3712 971 3777 solos
992 3714 1236 3778 Mathematicos
1254 3724 1325 3788 est3
1349 3726 1382 3778 et
1397 3714 1429 3777 in

478 3816 528 3881 his
553 3817 631 3894 fere,
655 3816 742 3903 apud
769 3820 957 3883 Geometras
982 3815 1159 3896 duntaxat:
1194 3816 1249 3881 sed
1275 3830 1308 3882 et
1331 3817 1431 3903 hujus

480 3940 610 4006 quoque
636 3917 811 4004 disciplinae
833 3938 897 3983 non
921 3930 970 3983 eat
991 3917 1123 3981 celebris
1147 3940 1222 3982 usus
1247 3916 1335 4004 apud
1361 3940 1429 3992 nos,

479 4020 539 4087 nisi
554 4020 637 4085 forte
647 4020 679 4083 in
696 4030 800 4084 tractu
819 4020 915 4083 Ibero
930 4018 980 4083 vel
991 4018 1126 4083 confinio
1138 4020 1270 4085 Africae.
1301 4021 1431 4085 Etenim

478 4136 590 4209 gentes
604 4122 686 4198 istae,
705 4120 919 4185 Astronomioe
933 4140 1029 4184 causa
1044 4122 1259 4186 Geometriam
1280 4134 1430 4185 exercent

477 4222 699 4314 praecaeteris:
728 4221 872 4286 similiter
892 4226 1064 4309 AEgyptus,
1080 4238 1113 4288 et
1134 4224 1295 4289 nonnullae
1316 4237 1429 4307 gentes

478 4326 618 4393 Arabim.
666 4324 720 4389 Ad
742 4324 823 4403 bac,
842 4324 920 4390 liber
941 4348 1005 4410 quo
1020 4323 1272 4391 demonstrativa
1292 4325 1432 4390 traditur

474 4429 652 4516 disciplina,
674 4427 796 4493 caeteris
819 4427 911 4514 longe
935 4428 1094 4492 turbatior
1115 4442 1174 4505 est,
1198 4443 1231 4493 et
1255 4428 1430 4513 transposi-
