3625 5317
403 826 475 872 ose.
491 810 567 889 vm]
769 826 1011 873 harmonicus.
1298 812 1357 872 los

402 977 489 1042 tione
512 998 705 1054 sermonum,
733 979 918 1065 trajectione
944 978 1119 1057 literarum,
1144 976 1357 1047 desuetudine

402 1078 635 1164 exemplorum,
651 1101 725 1166 quae
740 1102 759 1143 a
774 1078 907 1145 diversis
922 1079 1098 1167 disciplinis
1108 1092 1258 1145 mutuata
1272 1094 1357 1149 aunt.

402 1182 449 1247 Et
465 1192 624 1265 postremo
639 1180 729 1268 quod
744 1202 806 1246 uon
827 1181 958 1268 attingit
972 1196 1146 1260 auctorem,
1161 1182 1242 1249 adso
1257 1182 1357 1267 scrip·

403 1292 509 1345 torum
531 1282 727 1365 depravatus
741 1296 790 1349 est
813 1283 902 1362 vitio,
920 1297 957 1350 ut
979 1285 1047 1349 fere
1068 1298 1150 1373 quot
1171 1285 1290 1372 capita,
1307 1297 1354 1349 tot

403 1383 569 1449 obstaculo
593 1385 722 1451 babeat.
766 1390 811 1451 Et
842 1386 922 1453 bene
947 1388 1078 1474 quidem
1105 1386 1162 1454 ubi
1188 1409 1251 1453 non
1281 1399 1357 1453 sunt

405 1486 571 1552 obstacula
586 1488 747 1575 capitibus
768 1488 870 1575 plura.
915 1491 1013 1555 Unde
1027 1513 1048 1554 a
1069 1490 1240 1577 plerisque,
1255 1490 1289 1554 in
1312 1489 1358 1555 in-

405 1600 574 1674 terpretem
590 1589 787 1657 difficultatis
802 1591 897 1678 culpa
919 1592 1115 1672 refunditur,
1129 1593 1356 1668 asserentibus,

402 1687 519 1756 librum
535 1690 576 1755 ad
592 1713 650 1757 nos
665 1714 726 1756 non
742 1706 828 1757 recte
842 1692 1032 1758 translatum
1048 1693 1240 1780 pervenisse.

441 1869 521 1954 cap.
538 1878 569 1935 7.
595 1871 706 1945 Quare
722 1870 904 1937 Aristoteles
919 1891 1035 1935 nomen
1051 1871 1240 1953 Philosophi
1248 1889 1322 1951 prm

718 1974 842 2037 cotem
857 1975 1040 2039 meruerit?

451 2098 662 2165 Fumantem
684 2099 772 2186 apud
790 2098 1020 2186 Peripateticos
1038 2110 1137 2164 tantoe
1158 2095 1359 2164 auctoritatis

405 2198 534 2266 scientia
556 2200 810 2280 demonstrandi,
834 2214 872 2266 ut
897 2201 1096 2283 Aristoteles,
1112 2204 1170 2289 qni
1191 2200 1270 2266 aiios
1291 2200 1358 2264 iere

405 2324 524 2379 omnes,
551 2315 583 2368 et
609 2303 676 2372 fere
700 2303 732 2368 in
758 2304 918 2381 omnibns,
940 2303 1147 2392 philosophos
1174 2303 1356 2390 superabat,

404 2404 479 2470 hinc
502 2424 668 2471 commune
691 2428 803 2473 nomen
826 2406 886 2471 sibi
907 2406 1047 2491 quodam
1062 2406 1268 2495 proprietatis
1282 2404 1358 2492 jure

405 2506 591 2584 vindicaret,
612 2506 700 2592 quod
719 2505 999 2572 demonstrativam
1020 2508 1193 2574 tradiderat
1215 2504 1357 2593 discipli-

405 2630 490 2674 nam.
535 2608 615 2674 Ideo
629 2610 724 2689 enirn,
739 2622 777 2675 nt
794 2610 897 2686 aiunt,
913 2608 944 2673 in
963 2611 1034 2697 ipso
1048 2633 1162 2675 nomen
1176 2608 1357 2698 philosophi

406 2710 497 2777 sedit.
543 2711 577 2777 Si
592 2711 668 2776 mibi
685 2734 746 2777 non
763 2711 917 2791 creditur,
932 2712 1085 2776 audiatur
1100 2712 1150 2775 vel
1166 2710 1359 2796 Burgundio

404 2814 550 2895 Pisanus,
564 2834 583 2879 a
599 2838 664 2900 quo
678 2812 767 2879 istud
789 2813 907 2899 accepi.
952 2816 998 2878 Et
1013 2813 1165 2899 quoniam
1185 2813 1254 2877 haec
1267 2812 1358 2895 igno-

396 2916 516 2981 rantiae
533 2917 679 2982 tenebras
694 2914 790 2994 toilit,
803 2914 947 2999 facitque
965 2914 1125 3000 quendam
1139 2912 1359 2999 praenoscendi

404 3016 617 3105 praerogativa
627 3018 791 3095 scientem,
802 3030 918 3081 sectam
931 3014 1207 3094 Academicorum,
1216 3034 1312 3101 qnam
1324 3014 1358 3079 in

404 3121 466 3195 his,
494 3144 569 3208 quae
595 3119 729 3207 sapienti
758 3116 952 3185 dubitabilia
978 3131 1065 3194 sunt,
1090 3118 1291 3204 profitemur,
1317 3118 1359 3184 de

403 3223 539 3309 caligine
564 3244 623 3287 sua
645 3222 830 3308 frequenter
855 3220 963 3287 educit
992 3224 1025 3285 in
1056 3222 1178 3286 iucem:
1212 3234 1245 3287 et
1274 3221 1358 3287 sieut

405 3324 561 3411 imprimis
587 3324 853 3391 examinatorium
878 3324 1010 3407 cudens,
1031 3324 1184 3391 instruxit
1203 3324 1359 3413 judicem,

405 3428 450 3491 sie
464 3426 609 3494 clientem
627 3447 722 3493 suum
740 3426 941 3505 Aristotelea,
955 3427 988 3491 in
1007 3427 1058 3493 his
1072 3427 1114 3493 ad
1128 3428 1271 3493 docentis
1285 3449 1359 3514 pro-

405 3528 494 3594 vehit
520 3530 753 3595 auctoritatem.
799 3528 950 3614 Eleganti
976 3528 1108 3616 quidem
1134 3530 1258 3610 ordine,
1281 3531 1359 3617 qnia

404 3628 1360 3718 quirectejndicantisimpietofficium,meritoaddocentis

406 3732 588 3797 cathedram
604 3731 808 3800 sublimatur.

406 3908 486 3993 Cap.
501 3912 534 3973 8.
568 3908 621 3974 De
644 3910 745 3996 <ficio
766 3908 1033 3984 anonumum,
1055 3915 1089 3974 et
1109 3930 1152 3973 aa
1174 3909 1293 3993 quibus
1315 3912 1361 3975 sit

446 4010 686 4086 denumeratio,
702 4020 733 4077 et
745 4012 918 4096 quomodo,-
946 4020 977 4075 et
993 4011 1078 4093 quod
1089 4032 1204 4077 senam
1217 4014 1361 4078 scientim

444 4115 647 4196 principium
662 4122 719 4192 est,
734 4118 767 4176 et
781 4112 942 4197 quomodo.

455 4246 523 4310 Snn
533 4242 574 4309 ad
587 4246 671 4309 banc
686 4242 884 4330 disciplinam
898 4243 971 4330 quis
981 4243 1115 4309 idoneus
1125 4238 1362 4310 estr'Proteuo

408 4358 441 4411 et
463 4350 490 4411 si
511 4347 585 4433 quis
606 4346 639 4410 in
662 4344 782 4431 aliquo,
805 4369 874 4412 earn
897 4347 931 4409 in
956 4345 1067 4412 multis
1088 4346 1197 4410 nullus
1221 4346 1360 4432 perfecte

407 4451 599 4536 assequitur.
638 4448 772 4512 Necesse
787 4447 870 4512 enim
885 4461 932 4511 est
948 4447 1186 4533 disciplinarum
1202 4471 1360 4535 proenosse

852 4568 878 4609 nr
894 4550 916 4609 2
