<?xml version="1.0" encoding="UTF-8"?>
<!DOCTYPE html PUBLIC "-//W3C//DTD XHTML 1.0 Transitional//EN"
    "http://www.w3.org/TR/xhtml1/DTD/xhtml1-transitional.dtd">
<html xmlns="http://www.w3.org/1999/xhtml" xml:lang="en" lang="en">
 <head>
  <title>
</title>
<meta http-equiv="Content-Type" content="text/html;charset=utf-8" />
  <meta name='ocr-system' content='tesseract 3.04.00' />
  <meta name='ocr-capabilities' content='ocr_page ocr_carea ocr_par ocr_line ocrx_word'/>
</head>
<body>
  <div class='ocr_page' id='page_1' title='image "./joannissaresber13johngoog_0339.png"; bbox 0 0 3625 5317; ppageno 0'>
   <div class='ocr_carea' id='block_1_1' title="bbox 696 756 1356 818">
    <p class='ocr_par' dir='ltr' id='par_1_1' title="bbox 696 756 1356 818">
     <span class='ocr_line' id='line_1_1' title="bbox 696 756 1356 818; baseline 0.003 -4"><span class='ocrx_word' id='word_1_1' title='bbox 696 767 771 814; x_wconf 84' lang='lat' dir='ltr'>vira</span> <span class='ocrx_word' id='word_1_2' title='bbox 786 767 903 814; x_wconf 80' lang='lat' dir='ltr'>saucrr</span> <span class='ocrx_word' id='word_1_3' title='bbox 919 769 1076 815; x_wconf 75' lang='lat' dir='ltr'>ausuum.</span> <span class='ocrx_word' id='word_1_4' title='bbox 1293 756 1356 818; x_wconf 68' lang='lat'>827</span> 
     </span>
    </p>
   </div>
   <div class='ocr_carea' id='block_1_2' title="bbox 395 919 1357 4405">
    <p class='ocr_par' dir='ltr' id='par_1_2' title="bbox 398 919 1357 2407">
     <span class='ocr_line' id='line_1_2' title="bbox 404 919 1354 1004; baseline 0 -20"><span class='ocrx_word' id='word_1_5' title='bbox 404 919 502 984; x_wconf 91' lang='lat' dir='ltr'>modo</span> <span class='ocrx_word' id='word_1_6' title='bbox 531 919 631 982; x_wconf 78' lang='lat' dir='ltr'>voluit</span> <span class='ocrx_word' id='word_1_7' title='bbox 665 920 883 1004; x_wconf 79' lang='lat' dir='ltr'>adquiescere,</span> <span class='ocrx_word' id='word_1_8' title='bbox 919 932 955 985; x_wconf 88' lang='lat' dir='ltr'>ut</span> <span class='ocrx_word' id='word_1_9' title='bbox 992 920 1115 1004; x_wconf 86' lang='lat' dir='ltr'>aliquid</span> <span class='ocrx_word' id='word_1_10' title='bbox 1144 929 1354 1002; x_wconf 80' lang='lat' dir='ltr'>asportarent.</span> 
     </span>
     <span class='ocr_line' id='line_1_3' title="bbox 402 1019 1357 1104; baseline 0 -20"><span class='ocrx_word' id='word_1_11' title='bbox 402 1020 489 1084; x_wconf 83' lang='lat' dir='ltr'>Mori</span> <span class='ocrx_word' id='word_1_12' title='bbox 514 1019 612 1101; x_wconf 87' lang='lat' dir='ltr'>igitur</span> <span class='ocrx_word' id='word_1_13' title='bbox 637 1022 833 1085; x_wconf 86' lang='lat' dir='ltr'>venerabiles</span> <span class='ocrx_word' id='word_1_14' title='bbox 859 1023 919 1086; x_wconf 84' lang='lat' dir='ltr'>viri</span> <span class='ocrx_word' id='word_1_15' title='bbox 944 1020 1165 1104; x_wconf 89' lang='lat' dir='ltr'>Gundulpbus</span> <span class='ocrx_word' id='word_1_16' title='bbox 1191 1020 1357 1084; x_wconf 79' lang='lat' dir='ltr'>Roffensis</span> 
     </span>
     <span class='ocr_line' id='line_1_4' title="bbox 401 1119 1357 1203; baseline 0 -21"><span class='ocrx_word' id='word_1_17' title='bbox 401 1119 811 1203; x_wconf 88' lang='lat' dir='ltr'>episcopusetBaldwiuus</span> <span class='ocrx_word' id='word_1_18' title='bbox 824 1122 1002 1184; x_wconf 86' lang='lat' dir='ltr'>monachus</span> <span class='ocrx_word' id='word_1_19' title='bbox 1015 1119 1159 1184; x_wconf 79' lang='lat' dir='ltr'>Auselmi</span> <span class='ocrx_word' id='word_1_20' title='bbox 1170 1132 1357 1202; x_wconf 87' lang='lat' dir='ltr'>procurator</span> 
     </span>
     <span class='ocr_line' id='line_1_5' title="bbox 399 1219 1354 1298; baseline 0.002 -16"><span class='ocrx_word' id='word_1_21' title='bbox 399 1219 564 1282; x_wconf 89' lang='lat' dir='ltr'>hominem</span> <span class='ocrx_word' id='word_1_22' title='bbox 581 1219 831 1298; x_wconf 80' lang='lat' dir='ltr'>adstrinxerunt,</span> <span class='ocrx_word' id='word_1_23' title='bbox 846 1222 961 1284; x_wconf 87' lang='lat' dir='ltr'>saltem</span> <span class='ocrx_word' id='word_1_24' title='bbox 974 1231 1011 1284; x_wconf 89' lang='lat' dir='ltr'>ut</span> <span class='ocrx_word' id='word_1_25' title='bbox 1027 1221 1149 1284; x_wconf 87' lang='lat' dir='ltr'>rideret</span> <span class='ocrx_word' id='word_1_26' title='bbox 1168 1221 1354 1285; x_wconf 87' lang='lat' dir='ltr'>incendium</span> 
     </span>
     <span class='ocr_line' id='line_1_6' title="bbox 401 1319 1355 1403; baseline 0.002 -21"><span class='ocrx_word' id='word_1_27' title='bbox 401 1329 434 1382; x_wconf 89' lang='lat' dir='ltr'>et</span> <span class='ocrx_word' id='word_1_28' title='bbox 449 1319 619 1384; x_wconf 70' lang='lat' dir='ltr'>salutiferas</span> <span class='ocrx_word' id='word_1_29' title='bbox 635 1319 739 1384; x_wconf 84' lang='lat' dir='ltr'>crucis</span> <span class='ocrx_word' id='word_1_30' title='bbox 754 1320 879 1400; x_wconf 89' lang='lat' dir='ltr'>signum</span> <span class='ocrx_word' id='word_1_31' title='bbox 895 1333 1080 1403; x_wconf 86' lang='lat' dir='ltr'>opponeret.</span> <span class='ocrx_word' id='word_1_32' title='bbox 1127 1321 1213 1383; x_wconf 88' lang='lat' dir='ltr'>Mire</span> <span class='ocrx_word' id='word_1_33' title='bbox 1227 1341 1287 1397; x_wconf 90' lang='lat' dir='ltr'>res,</span> <span class='ocrx_word' id='word_1_34' title='bbox 1302 1321 1355 1384; x_wconf 89' lang='lat' dir='ltr'>ille</span> 
     </span>
     <span class='ocr_line' id='line_1_7' title="bbox 401 1418 1353 1503; baseline 0.002 -21"><span class='ocrx_word' id='word_1_35' title='bbox 401 1439 530 1482; x_wconf 87' lang='lat' dir='ltr'>manum</span> <span class='ocrx_word' id='word_1_36' title='bbox 553 1419 710 1498; x_wconf 85' lang='lat' dir='ltr'>extendit,</span> <span class='ocrx_word' id='word_1_37' title='bbox 727 1431 761 1484; x_wconf 86' lang='lat' dir='ltr'>et</span> <span class='ocrx_word' id='word_1_38' title='bbox 782 1421 911 1484; x_wconf 83' lang='lat' dir='ltr'>flamma</span> <span class='ocrx_word' id='word_1_39' title='bbox 933 1418 1093 1503; x_wconf 83' lang='lat' dir='ltr'>dejicitur,</span> <span class='ocrx_word' id='word_1_40' title='bbox 1107 1430 1141 1482; x_wconf 89' lang='lat' dir='ltr'>et</span> <span class='ocrx_word' id='word_1_41' title='bbox 1158 1421 1242 1502; x_wconf 91' lang='lat' dir='ltr'>ignis</span> <span class='ocrx_word' id='word_1_42' title='bbox 1257 1441 1353 1501; x_wconf 88' lang='lat' dir='ltr'>quam</span> 
     </span>
     <span class='ocr_line' id='line_1_8' title="bbox 401 1519 1354 1605; baseline 0.004 -24"><span class='ocrx_word' id='word_1_43' title='bbox 401 1519 560 1584; x_wconf 83' lang='lat' dir='ltr'>invaserat</span> <span class='ocrx_word' id='word_1_44' title='bbox 575 1520 705 1584; x_wconf 89' lang='lat' dir='ltr'>domum</span> <span class='ocrx_word' id='word_1_45' title='bbox 720 1523 903 1585; x_wconf 86' lang='lat' dir='ltr'>semiustam</span> <span class='ocrx_word' id='word_1_46' title='bbox 920 1522 1072 1605; x_wconf 74' lang='lat' dir='ltr'>reliquit,</span> <span class='ocrx_word' id='word_1_47' title='bbox 1093 1541 1131 1583; x_wconf 86' lang='lat' dir='ltr'>ac</span> <span class='ocrx_word' id='word_1_48' title='bbox 1154 1521 1181 1582; x_wconf 92' lang='lat' dir='ltr'>si</span> <span class='ocrx_word' id='word_1_49' title='bbox 1200 1522 1354 1585; x_wconf 81' lang='lat' dir='ltr'>Anselmo</span> 
     </span>
     <span class='ocr_line' id='line_1_9' title="bbox 401 1620 1354 1705; baseline -0.001 -22"><span class='ocrx_word' id='word_1_50' title='bbox 401 1621 586 1703; x_wconf 87' lang='lat' dir='ltr'>prohibenti</span> <span class='ocrx_word' id='word_1_51' title='bbox 609 1622 757 1705; x_wconf 81' lang='lat' dir='ltr'>progredi</span> <span class='ocrx_word' id='word_1_52' title='bbox 786 1643 850 1685; x_wconf 93' lang='lat' dir='ltr'>nou</span> <span class='ocrx_word' id='word_1_53' title='bbox 873 1623 1012 1686; x_wconf 82' lang='lat' dir='ltr'>auderet.</span> <span class='ocrx_word' id='word_1_54' title='bbox 1057 1623 1118 1685; x_wconf 83' lang='lat' dir='ltr'>lile</span> <span class='ocrx_word' id='word_1_55' title='bbox 1148 1620 1277 1704; x_wconf 91' lang='lat' dir='ltr'>quidem</span> <span class='ocrx_word' id='word_1_56' title='bbox 1298 1620 1354 1683; x_wconf 91' lang='lat' dir='ltr'>diu</span> 
     </span>
     <span class='ocr_line' id='line_1_10' title="bbox 400 1721 1353 1803; baseline 0.001 -20"><span class='ocrx_word' id='word_1_57' title='bbox 400 1741 582 1803; x_wconf 76' lang='lat' dir='ltr'>repugnans</span> <span class='ocrx_word' id='word_1_58' title='bbox 604 1723 766 1798; x_wconf 88' lang='lat' dir='ltr'>electioni,</span> <span class='ocrx_word' id='word_1_59' title='bbox 782 1722 912 1788; x_wconf 83' lang='lat' dir='ltr'>tandem</span> <span class='ocrx_word' id='word_1_60' title='bbox 937 1735 1068 1787; x_wconf 87' lang='lat' dir='ltr'>coactus</span> <span class='ocrx_word' id='word_1_61' title='bbox 1091 1721 1353 1797; x_wconf 75' lang='lat' dir='ltr'>est-consentire,</span> 
     </span>
     <span class='ocr_line' id='line_1_11' title="bbox 399 1819 1352 1906; baseline 0.001 -23"><span class='ocrx_word' id='word_1_62' title='bbox 399 1831 432 1883; x_wconf 89' lang='lat' dir='ltr'>et</span> <span class='ocrx_word' id='word_1_63' title='bbox 460 1819 565 1903; x_wconf 91' lang='lat' dir='ltr'>pridie</span> <span class='ocrx_word' id='word_1_64' title='bbox 589 1823 701 1886; x_wconf 86' lang='lat' dir='ltr'>Nonas</span> <span class='ocrx_word' id='word_1_65' title='bbox 733 1823 923 1888; x_wconf 82' lang='lat' dir='ltr'>Decembris</span> <span class='ocrx_word' id='word_1_66' title='bbox 944 1826 986 1888; x_wconf 89' lang='lat' dir='ltr'>ab</span> <span class='ocrx_word' id='word_1_67' title='bbox 1016 1824 1168 1887; x_wconf 89' lang='lat' dir='ltr'>omnibus</span> <span class='ocrx_word' id='word_1_68' title='bbox 1190 1823 1352 1906; x_wconf 87' lang='lat' dir='ltr'>episcopis</span> 
     </span>
     <span class='ocr_line' id='line_1_12' title="bbox 400 1921 1353 2001; baseline 0.005 -19"><span class='ocrx_word' id='word_1_69' title='bbox 400 1921 578 2001; x_wconf 86' lang='lat' dir='ltr'>Angiorum</span> <span class='ocrx_word' id='word_1_70' title='bbox 595 1923 777 1986; x_wconf 79' lang='lat' dir='ltr'>Cautuanae</span> <span class='ocrx_word' id='word_1_71' title='bbox 794 1935 1007 1988; x_wconf 85' lang='lat' dir='ltr'>cousecratur.</span> <span class='ocrx_word' id='word_1_72' title='bbox 1031 1925 1168 1986; x_wconf 85' lang='lat' dir='ltr'>Inventa</span> <span class='ocrx_word' id='word_1_73' title='bbox 1182 1934 1231 1985; x_wconf 89' lang='lat' dir='ltr'>est</span> <span class='ocrx_word' id='word_1_74' title='bbox 1247 1933 1353 1987; x_wconf 90' lang='lat' dir='ltr'>autem</span> 
     </span>
     <span class='ocr_line' id='line_1_13' title="bbox 399 2022 1352 2105; baseline 0.003 -21"><span class='ocrx_word' id='word_1_75' title='bbox 399 2041 590 2104; x_wconf 87' lang='lat' dir='ltr'>supereum</span> <span class='ocrx_word' id='word_1_76' title='bbox 616 2024 672 2086; x_wconf 89' lang='lat' dir='ltr'>illa</span> <span class='ocrx_word' id='word_1_77' title='bbox 697 2025 855 2105; x_wconf 82' lang='lat' dir='ltr'>evangeiii</span> <span class='ocrx_word' id='word_1_78' title='bbox 874 2026 1050 2088; x_wconf 84' lang='lat' dir='ltr'>sententia:</span> <span class='ocrx_word' id='word_1_79' title='bbox 1079 2022 1206 2086; x_wconf 82' lang='lat' dir='ltr'>Vocnoit</span> <span class='ocrx_word' id='word_1_80' title='bbox 1228 2024 1352 2099; x_wconf 70' lang='lat' dir='ltr'>mauce,</span> 
     </span>
     <span class='ocr_line' id='line_1_14' title="bbox 400 2122 1354 2198; baseline 0.004 -15"><span class='ocrx_word' id='word_1_81' title='bbox 400 2129 430 2183; x_wconf 82' lang='lat' dir='ltr'>ot</span> <span class='ocrx_word' id='word_1_82' title='bbox 446 2122 531 2184; x_wconf 79' lang='lat' dir='ltr'>misit</span> <span class='ocrx_word' id='word_1_83' title='bbox 546 2140 675 2185; x_wconf 83' lang='lat' dir='ltr'>seruum</span> <span class='ocrx_word' id='word_1_84' title='bbox 690 2143 787 2184; x_wconf 83' lang='lat' dir='ltr'>auum</span> <span class='ocrx_word' id='word_1_85' title='bbox 803 2126 881 2186; x_wconf 74' lang='lat' dir='ltr'>liora</span> <span class='ocrx_word' id='word_1_86' title='bbox 897 2143 999 2187; x_wconf 83' lang='lat' dir='ltr'>coenae</span> <span class='ocrx_word' id='word_1_87' title='bbox 1012 2123 1115 2186; x_wconf 82' lang='lat' dir='ltr'>dicere</span> <span class='ocrx_word' id='word_1_88' title='bbox 1135 2126 1294 2198; x_wconf 78' lang='lat' dir='ltr'>invitatis,</span> <span class='ocrx_word' id='word_1_89' title='bbox 1316 2131 1354 2187; x_wconf 86' lang='lat' dir='ltr'>ut</span> 
     </span>
     <span class='ocr_line' id='line_1_15' title="bbox 398 2224 1355 2308; baseline 0.004 -24"><span class='ocrx_word' id='word_1_90' title='bbox 398 2224 546 2286; x_wconf 80' lang='lat' dir='ltr'>uenirent</span> <span class='ocrx_word' id='word_1_91' title='bbox 567 2225 734 2304; x_wconf 84' lang='lat' dir='ltr'>quiajam</span> <span class='ocrx_word' id='word_1_92' title='bbox 753 2231 875 2306; x_wconf 83' lang='lat' dir='ltr'>parata</span> <span class='ocrx_word' id='word_1_93' title='bbox 889 2232 969 2288; x_wconf 81' lang='lat' dir='ltr'>cunt</span> <span class='ocrx_word' id='word_1_94' title='bbox 989 2227 1095 2289; x_wconf 83' lang='lat' dir='ltr'>omnio</span> <span class='ocrx_word' id='word_1_95' title='bbox 1108 2250 1120 2287; x_wconf 89' lang='grc'>.·</span> <span class='ocrx_word' id='word_1_96' title='bbox 1141 2233 1173 2288; x_wconf 88' lang='lat' dir='ltr'>et</span> <span class='ocrx_word' id='word_1_97' title='bbox 1187 2231 1355 2308; x_wconf 76' lang='lat' dir='ltr'>emper-unt</span> 
     </span>
     <span class='ocr_line' id='line_1_16' title="bbox 399 2326 1106 2407; baseline 0.007 -22"><span class='ocrx_word' id='word_1_98' title='bbox 399 2343 507 2386; x_wconf 80' lang='lat' dir='ltr'>omnes</span> <span class='ocrx_word' id='word_1_99' title='bbox 521 2326 618 2388; x_wconf 77' lang='lat' dir='ltr'>simiel</span> <span class='ocrx_word' id='word_1_100' title='bbox 631 2345 796 2389; x_wconf 75' lang='lat' dir='ltr'>cocusttro.</span> <span class='ocrx_word' id='word_1_101' title='bbox 843 2328 940 2406; x_wconf 88' lang='lat' dir='ltr'>[Luc.</span> <span class='ocrx_word' id='word_1_102' title='bbox 955 2327 1021 2389; x_wconf 83' lang='lat' dir='ltr'>xiv.</span> <span class='ocrx_word' id='word_1_103' title='bbox 1039 2327 1106 2407; x_wconf 74' lang='lat' dir='ltr'>lo]</span> 
     </span>
    </p>

    <p class='ocr_par' dir='ltr' id='par_1_3' title="bbox 395 2426 1352 3894">
     <span class='ocr_line' id='line_1_17' title="bbox 443 2426 1352 2510; baseline 0.003 -22"><span class='ocrx_word' id='word_1_104' title='bbox 443 2426 522 2490; x_wconf 89' lang='lat' dir='ltr'>Indo</span> <span class='ocrx_word' id='word_1_105' title='bbox 552 2427 712 2510; x_wconf 82' lang='lat' dir='ltr'>profectus</span> <span class='ocrx_word' id='word_1_106' title='bbox 741 2428 783 2492; x_wconf 90' lang='lat' dir='ltr'>ad</span> <span class='ocrx_word' id='word_1_107' title='bbox 813 2431 946 2505; x_wconf 88' lang='lat' dir='ltr'>curium,</span> <span class='ocrx_word' id='word_1_108' title='bbox 979 2440 1042 2492; x_wconf 82' lang='lat' dir='ltr'>tres</span> <span class='ocrx_word' id='word_1_109' title='bbox 1071 2429 1141 2493; x_wconf 88' lang='lat' dir='ltr'>dies</span> <span class='ocrx_word' id='word_1_110' title='bbox 1171 2430 1352 2493; x_wconf 86' lang='lat' dir='ltr'>Dominicae</span> 
     </span>
     <span class='ocr_line' id='line_1_18' title="bbox 398 2527 1352 2612; baseline 0.003 -23"><span class='ocrx_word' id='word_1_111' title='bbox 398 2527 570 2592; x_wconf 73' lang='lat' dir='ltr'>nativitatis</span> <span class='ocrx_word' id='word_1_112' title='bbox 600 2531 633 2592; x_wconf 91' lang='lat' dir='ltr'>in</span> <span class='ocrx_word' id='word_1_113' title='bbox 663 2531 774 2595; x_wconf 79' lang='lat' dir='ltr'>laetitia</span> <span class='ocrx_word' id='word_1_114' title='bbox 810 2533 985 2612; x_wconf 83' lang='lat' dir='ltr'>transegit:</span> <span class='ocrx_word' id='word_1_115' title='bbox 1023 2553 1095 2612; x_wconf 84' lang='lat' dir='ltr'>rege</span> <span class='ocrx_word' id='word_1_116' title='bbox 1133 2532 1352 2611; x_wconf 78' lang='lat' dir='ltr'>gravissimam</span> 
     </span>
     <span class='ocr_line' id='line_1_19' title="bbox 398 2627 1351 2709; baseline 0.002 -21"><span class='ocrx_word' id='word_1_117' title='bbox 398 2627 649 2709; x_wconf 88' lang='lat' dir='ltr'>indignationem</span> <span class='ocrx_word' id='word_1_118' title='bbox 666 2627 818 2692; x_wconf 84' lang='lat' dir='ltr'>adversus</span> <span class='ocrx_word' id='word_1_119' title='bbox 840 2650 914 2692; x_wconf 89' lang='lat' dir='ltr'>eum</span> <span class='ocrx_word' id='word_1_120' title='bbox 929 2629 1132 2708; x_wconf 89' lang='lat' dir='ltr'>concipiente</span> <span class='ocrx_word' id='word_1_121' title='bbox 1148 2649 1192 2690; x_wconf 85' lang='lat' dir='ltr'>ex</span> <span class='ocrx_word' id='word_1_122' title='bbox 1208 2639 1295 2700; x_wconf 88' lang='lat' dir='ltr'>tunc,</span> <span class='ocrx_word' id='word_1_123' title='bbox 1310 2649 1351 2690; x_wconf 87' lang='lat' dir='ltr'>eo</span> 
     </span>
     <span class='ocr_line' id='line_1_20' title="bbox 398 2725 1352 2810; baseline -0.002 -20"><span class='ocrx_word' id='word_1_124' title='bbox 398 2727 486 2810; x_wconf 90' lang='lat' dir='ltr'>quod</span> <span class='ocrx_word' id='word_1_125' title='bbox 512 2729 598 2790; x_wconf 86' lang='lat' dir='ltr'>mille</span> <span class='ocrx_word' id='word_1_126' title='bbox 619 2728 718 2790; x_wconf 87' lang='lat' dir='ltr'>libras</span> <span class='ocrx_word' id='word_1_127' title='bbox 740 2739 963 2808; x_wconf 88' lang='lat' dir='ltr'>argenteorum</span> <span class='ocrx_word' id='word_1_128' title='bbox 986 2725 1160 2808; x_wconf 88' lang='lat' dir='ltr'>rependere</span> <span class='ocrx_word' id='word_1_129' title='bbox 1182 2728 1288 2790; x_wconf 85' lang='lat' dir='ltr'>uoluit</span> <span class='ocrx_word' id='word_1_130' title='bbox 1308 2729 1352 2803; x_wconf 90' lang='lat' dir='ltr'>ei,</span> 
     </span>
     <span class='ocr_line' id='line_1_21' title="bbox 399 2825 1350 2910; baseline -0.001 -22"><span class='ocrx_word' id='word_1_131' title='bbox 399 2828 474 2910; x_wconf 90' lang='lat' dir='ltr'>quia</span> <span class='ocrx_word' id='word_1_132' title='bbox 488 2827 557 2889; x_wconf 89' lang='lat' dir='ltr'>sine</span> <span class='ocrx_word' id='word_1_133' title='bbox 580 2826 688 2908; x_wconf 89' lang='lat' dir='ltr'>precio</span> <span class='ocrx_word' id='word_1_134' title='bbox 705 2837 737 2888; x_wconf 91' lang='lat' dir='ltr'>et</span> <span class='ocrx_word' id='word_1_135' title='bbox 753 2827 909 2909; x_wconf 86' lang='lat' dir='ltr'>obsequio</span> <span class='ocrx_word' id='word_1_136' title='bbox 923 2834 957 2887; x_wconf 82' lang='lat' dir='ltr'>et</span> <span class='ocrx_word' id='word_1_137' title='bbox 971 2825 1246 2888; x_wconf 81' lang='lat' dir='ltr'>omniinterventu</span> <span class='ocrx_word' id='word_1_138' title='bbox 1261 2827 1350 2887; x_wconf 85' lang='lat' dir='ltr'>volu·</span> 
     </span>
     <span class='ocr_line' id='line_1_22' title="bbox 396 2924 1350 3008; baseline 0 -20"><span class='ocrx_word' id='word_1_139' title='bbox 396 2935 463 2988; x_wconf 87' lang='lat' dir='ltr'>erat</span> <span class='ocrx_word' id='word_1_140' title='bbox 481 2926 514 2987; x_wconf 90' lang='lat' dir='ltr'>iu</span> <span class='ocrx_word' id='word_1_141' title='bbox 531 2925 843 3008; x_wconf 85' lang='lat' dir='ltr'>archiepiscopatum</span> <span class='ocrx_word' id='word_1_142' title='bbox 858 2926 1047 3008; x_wconf 78' lang='lat' dir='ltr'>promoveri.</span> <span class='ocrx_word' id='word_1_143' title='bbox 1077 2924 1260 2987; x_wconf 86' lang='lat' dir='ltr'>Discedens</span> <span class='ocrx_word' id='word_1_144' title='bbox 1274 2924 1350 2988; x_wconf 89' lang='lat' dir='ltr'>inde</span> 
     </span>
     <span class='ocr_line' id='line_1_23' title="bbox 396 3025 1350 3108; baseline -0.001 -19"><span class='ocrx_word' id='word_1_145' title='bbox 396 3026 485 3089; x_wconf 82' lang='lat' dir='ltr'>veuit</span> <span class='ocrx_word' id='word_1_146' title='bbox 505 3025 547 3088; x_wconf 88' lang='lat' dir='ltr'>ed</span> <span class='ocrx_word' id='word_1_147' title='bbox 576 3027 684 3090; x_wconf 85' lang='lat' dir='ltr'>villam</span> <span class='ocrx_word' id='word_1_148' title='bbox 707 3047 808 3104; x_wconf 91' lang='lat' dir='ltr'>suam,</span> <span class='ocrx_word' id='word_1_149' title='bbox 830 3047 903 3108; x_wconf 82' lang='lat' dir='ltr'>quae</span> <span class='ocrx_word' id='word_1_150' title='bbox 928 3027 1040 3106; x_wconf 88' lang='lat' dir='ltr'>Herga</span> <span class='ocrx_word' id='word_1_151' title='bbox 1062 3035 1213 3102; x_wconf 83' lang='lat' dir='ltr'>vocatur;</span> <span class='ocrx_word' id='word_1_152' title='bbox 1239 3025 1350 3108; x_wconf 89' lang='lat' dir='ltr'>ibique</span> 
     </span>
     <span class='ocr_line' id='line_1_24' title="bbox 396 3126 1349 3209; baseline 0 -21"><span class='ocrx_word' id='word_1_153' title='bbox 396 3126 611 3209; x_wconf 87' lang='lat' dir='ltr'>parochialem</span> <span class='ocrx_word' id='word_1_154' title='bbox 624 3127 792 3191; x_wconf 88' lang='lat' dir='ltr'>ecclesiam</span> <span class='ocrx_word' id='word_1_155' title='bbox 803 3126 975 3190; x_wconf 86' lang='lat' dir='ltr'>dedicavit.</span> <span class='ocrx_word' id='word_1_156' title='bbox 1019 3126 1119 3188; x_wconf 91' lang='lat' dir='ltr'>Porro</span> <span class='ocrx_word' id='word_1_157' title='bbox 1131 3126 1265 3189; x_wconf 85' lang='lat' dir='ltr'>clericus</span> <span class='ocrx_word' id='word_1_158' title='bbox 1277 3126 1349 3208; x_wconf 89' lang='lat' dir='ltr'>qui·</span> 
     </span>
     <span class='ocr_line' id='line_1_25' title="bbox 398 3225 1350 3310; baseline 0.001 -23"><span class='ocrx_word' id='word_1_159' title='bbox 398 3225 472 3288; x_wconf 89' lang='lat' dir='ltr'>dam</span> <span class='ocrx_word' id='word_1_160' title='bbox 487 3247 506 3290; x_wconf 88' lang='lat' dir='ltr'>a</span> <span class='ocrx_word' id='word_1_161' title='bbox 524 3225 695 3290; x_wconf 84' lang='lat' dir='ltr'>Luudonia</span> <span class='ocrx_word' id='word_1_162' title='bbox 715 3227 869 3290; x_wconf 89' lang='lat' dir='ltr'>ministris</span> <span class='ocrx_word' id='word_1_163' title='bbox 892 3227 1039 3310; x_wconf 89' lang='lat' dir='ltr'>episcopi</span> <span class='ocrx_word' id='word_1_164' title='bbox 1060 3226 1247 3302; x_wconf 84' lang='lat' dir='ltr'>associatus,</span> <span class='ocrx_word' id='word_1_165' title='bbox 1266 3227 1350 3290; x_wconf 87' lang='lat' dir='ltr'>inter</span> 
     </span>
     <span class='ocr_line' id='line_1_26' title="bbox 396 3324 1349 3411; baseline 0.003 -24"><span class='ocrx_word' id='word_1_166' title='bbox 396 3324 556 3405; x_wconf 87' lang='lat' dir='ltr'>agendum</span> <span class='ocrx_word' id='word_1_167' title='bbox 566 3327 786 3390; x_wconf 85' lang='lat' dir='ltr'>chrismatorio</span> <span class='ocrx_word' id='word_1_168' title='bbox 795 3328 877 3390; x_wconf 89' lang='lat' dir='ltr'>clam</span> <span class='ocrx_word' id='word_1_169' title='bbox 889 3339 1034 3411; x_wconf 88' lang='lat' dir='ltr'>surrepto</span> <span class='ocrx_word' id='word_1_170' title='bbox 1043 3327 1078 3390; x_wconf 91' lang='lat' dir='ltr'>in</span> <span class='ocrx_word' id='word_1_171' title='bbox 1090 3326 1198 3408; x_wconf 87' lang='lat' dir='ltr'>sugam</span> <span class='ocrx_word' id='word_1_172' title='bbox 1204 3327 1349 3410; x_wconf 84' lang='lat' dir='ltr'>dilapsus</span> 
     </span>
     <span class='ocr_line' id='line_1_27' title="bbox 396 3427 1350 3509; baseline 0.002 -21"><span class='ocrx_word' id='word_1_173' title='bbox 396 3435 454 3488; x_wconf 88' lang='lat' dir='ltr'>est.</span> <span class='ocrx_word' id='word_1_174' title='bbox 499 3427 576 3504; x_wconf 84' lang='lat' dir='ltr'>Sed,</span> <span class='ocrx_word' id='word_1_175' title='bbox 598 3427 670 3489; x_wconf 91' lang='lat' dir='ltr'>Deo</span> <span class='ocrx_word' id='word_1_176' title='bbox 693 3427 913 3509; x_wconf 84' lang='lat' dir='ltr'>dispensante,</span> <span class='ocrx_word' id='word_1_177' title='bbox 928 3428 974 3490; x_wconf 85' lang='lat' dir='ltr'>sic</span> <span class='ocrx_word' id='word_1_178' title='bbox 997 3447 1147 3490; x_wconf 90' lang='lat' dir='ltr'>erroneus</span> <span class='ocrx_word' id='word_1_179' title='bbox 1168 3427 1350 3509; x_wconf 85' lang='lat' dir='ltr'>frequentor</span> 
     </span>
     <span class='ocr_line' id='line_1_28' title="bbox 395 3523 1348 3598; baseline 0.002 -14"><span class='ocrx_word' id='word_1_180' title='bbox 395 3523 464 3586; x_wconf 89' lang='lat' dir='ltr'>ibat</span> <span class='ocrx_word' id='word_1_181' title='bbox 491 3535 524 3588; x_wconf 87' lang='lat' dir='ltr'>et</span> <span class='ocrx_word' id='word_1_182' title='bbox 552 3526 778 3598; x_wconf 83' lang='lat' dir='ltr'>revertebatur,</span> <span class='ocrx_word' id='word_1_183' title='bbox 808 3525 867 3586; x_wconf 85' lang='lat' dir='ltr'>viae</span> <span class='ocrx_word' id='word_1_184' title='bbox 898 3536 993 3587; x_wconf 82' lang='lat' dir='ltr'>autea</span> <span class='ocrx_word' id='word_1_185' title='bbox 1020 3524 1196 3585; x_wconf 71' lang='lat' dir='ltr'>notissimae</span> <span class='ocrx_word' id='word_1_186' title='bbox 1218 3525 1348 3586; x_wconf 91' lang='lat' dir='ltr'>omniuo</span> 
     </span>
     <span class='ocr_line' id='line_1_29' title="bbox 397 3621 1349 3704; baseline 0.002 -21"><span class='ocrx_word' id='word_1_187' title='bbox 397 3622 546 3703; x_wconf 90' lang='lat' dir='ltr'>ignarus;</span> <span class='ocrx_word' id='word_1_188' title='bbox 561 3637 598 3688; x_wconf 92' lang='lat' dir='ltr'>ut</span> <span class='ocrx_word' id='word_1_189' title='bbox 613 3626 780 3688; x_wconf 80' lang='lat' dir='ltr'>manifesto</span> <span class='ocrx_word' id='word_1_190' title='bbox 790 3625 903 3687; x_wconf 88' lang='lat' dir='ltr'>erroris</span> <span class='ocrx_word' id='word_1_191' title='bbox 913 3622 1033 3685; x_wconf 91' lang='lat' dir='ltr'>iudicio</span> <span class='ocrx_word' id='word_1_192' title='bbox 1043 3621 1210 3686; x_wconf 87' lang='lat' dir='ltr'>convictus</span> <span class='ocrx_word' id='word_1_193' title='bbox 1220 3623 1349 3704; x_wconf 85' lang='lat' dir='ltr'>culpam</span> 
     </span>
     <span class='ocr_line' id='line_1_30' title="bbox 395 3721 1349 3808; baseline 0.001 -24"><span class='ocrx_word' id='word_1_194' title='bbox 395 3723 553 3802; x_wconf 85' lang='lat' dir='ltr'>fateretur,</span> <span class='ocrx_word' id='word_1_195' title='bbox 569 3739 601 3789; x_wconf 90' lang='lat' dir='ltr'>et</span> <span class='ocrx_word' id='word_1_196' title='bbox 621 3749 677 3790; x_wconf 85' lang='lat' dir='ltr'>vas</span> <span class='ocrx_word' id='word_1_197' title='bbox 692 3727 879 3799; x_wconf 87' lang='lat' dir='ltr'>restitueret,</span> <span class='ocrx_word' id='word_1_198' title='bbox 896 3737 929 3788; x_wconf 88' lang='lat' dir='ltr'>et</span> <span class='ocrx_word' id='word_1_199' title='bbox 947 3734 1060 3808; x_wconf 86' lang='lat' dir='ltr'>postea</span> <span class='ocrx_word' id='word_1_200' title='bbox 1075 3721 1158 3784; x_wconf 84' lang='lat' dir='ltr'>viam</span> <span class='ocrx_word' id='word_1_201' title='bbox 1174 3743 1245 3807; x_wconf 82' lang='lat' dir='ltr'>quae</span> <span class='ocrx_word' id='word_1_202' title='bbox 1261 3723 1349 3785; x_wconf 87' lang='lat' dir='ltr'>Lun-</span> 
     </span>
     <span class='ocr_line' id='line_1_31' title="bbox 396 3821 1086 3894; baseline 0 -10"><span class='ocrx_word' id='word_1_203' title='bbox 396 3821 523 3886; x_wconf 86' lang='lat' dir='ltr'>douiam</span> <span class='ocrx_word' id='word_1_204' title='bbox 540 3824 632 3889; x_wconf 92' lang='lat' dir='ltr'>ducit</span> <span class='ocrx_word' id='word_1_205' title='bbox 646 3827 714 3888; x_wconf 90' lang='lat' dir='ltr'>sine</span> <span class='ocrx_word' id='word_1_206' title='bbox 730 3827 817 3888; x_wconf 91' lang='lat' dir='ltr'>omni</span> <span class='ocrx_word' id='word_1_207' title='bbox 834 3845 938 3894; x_wconf 86' lang='lat' dir='ltr'>errore</span> <span class='ocrx_word' id='word_1_208' title='bbox 955 3834 1086 3887; x_wconf 88' lang='lat' dir='ltr'>teneret.</span> 
     </span>
    </p>

    <p class='ocr_par' dir='ltr' id='par_1_4' title="bbox 395 3920 1352 4405">
     <span class='ocr_line' id='line_1_32' title="bbox 439 3920 1348 4007; baseline 0.001 -21"><span class='ocrx_word' id='word_1_209' title='bbox 439 3920 538 3986; x_wconf 88' lang='lat' dir='ltr'>Redit</span> <span class='ocrx_word' id='word_1_210' title='bbox 548 3935 620 4007; x_wconf 87' lang='lat' dir='ltr'>post</span> <span class='ocrx_word' id='word_1_211' title='bbox 628 3945 750 4006; x_wconf 85' lang='lat' dir='ltr'>paucos</span> <span class='ocrx_word' id='word_1_212' title='bbox 760 3925 828 3988; x_wconf 87' lang='lat' dir='ltr'>dics</span> <span class='ocrx_word' id='word_1_213' title='bbox 838 3937 970 3987; x_wconf 75' lang='lat' dir='ltr'>vocatus</span> <span class='ocrx_word' id='word_1_214' title='bbox 982 3924 1152 3985; x_wconf 86' lang='lat' dir='ltr'>Anselmus</span> <span class='ocrx_word' id='word_1_215' title='bbox 1163 3922 1204 3985; x_wconf 87' lang='lat' dir='ltr'>ad</span> <span class='ocrx_word' id='word_1_216' title='bbox 1215 3924 1348 3987; x_wconf 78' lang='lat' dir='ltr'>cirrium:</span> 
     </span>
     <span class='ocr_line' id='line_1_33' title="bbox 395 4007 1350 4104; baseline 0.001 -18"><span class='ocrx_word' id='word_1_217' title='bbox 395 4035 430 4086; x_wconf 90' lang='lat' dir='ltr'>ut</span> <span class='ocrx_word' id='word_1_218' title='bbox 453 4023 724 4084; x_wconf 81' lang='lat' dir='ltr'>transfretaturum</span> <span class='ocrx_word' id='word_1_219' title='bbox 749 4044 854 4104; x_wconf 83' lang='lat' dir='ltr'>regem</span> <span class='ocrx_word' id='word_1_220' title='bbox 879 4042 938 4085; x_wconf 84' lang='lat' dir='ltr'>sua</span> <span class='ocrx_word' id='word_1_221' title='bbox 952 4007 1178 4084; x_wconf 79' lang='lat' dir='ltr'>benedictione</span> <span class='ocrx_word' id='word_1_222' title='bbox 1203 4022 1350 4087; x_wconf 89' lang='lat' dir='ltr'>muniret.</span> 
     </span>
     <span class='ocr_line' id='line_1_34' title="bbox 397 4120 1350 4204; baseline 0 -20"><span class='ocrx_word' id='word_1_223' title='bbox 397 4120 529 4184; x_wconf 87' lang='lat' dir='ltr'>Interim</span> <span class='ocrx_word' id='word_1_224' title='bbox 553 4121 628 4183; x_wconf 93' lang='lat' dir='ltr'>dum</span> <span class='ocrx_word' id='word_1_225' title='bbox 652 4131 765 4183; x_wconf 81' lang='lat' dir='ltr'>ventus</span> <span class='ocrx_word' id='word_1_226' title='bbox 795 4121 912 4195; x_wconf 85' lang='lat' dir='ltr'>differt,</span> <span class='ocrx_word' id='word_1_227' title='bbox 934 4143 1039 4204; x_wconf 88' lang='lat' dir='ltr'>regem</span> <span class='ocrx_word' id='word_1_228' title='bbox 1062 4141 1120 4203; x_wconf 91' lang='lat' dir='ltr'>pro</span> <span class='ocrx_word' id='word_1_229' title='bbox 1142 4121 1350 4184; x_wconf 85' lang='lat' dir='ltr'>ecclesiarum</span> 
     </span>
     <span class='ocr_line' id='line_1_35' title="bbox 397 4222 1352 4304; baseline -0.002 -16"><span class='ocrx_word' id='word_1_230' title='bbox 397 4242 478 4303; x_wconf 80' lang='lat' dir='ltr'>pace</span> <span class='ocrx_word' id='word_1_231' title='bbox 494 4223 656 4297; x_wconf 88' lang='lat' dir='ltr'>sollicitat,</span> <span class='ocrx_word' id='word_1_232' title='bbox 672 4223 830 4304; x_wconf 87' lang='lat' dir='ltr'>benignus</span> <span class='ocrx_word' id='word_1_233' title='bbox 846 4224 1023 4288; x_wconf 90' lang='lat' dir='ltr'>admonens</span> <span class='ocrx_word' id='word_1_234' title='bbox 1037 4235 1072 4284; x_wconf 91' lang='lat' dir='ltr'>rrt</span> <span class='ocrx_word' id='word_1_235' title='bbox 1084 4223 1188 4302; x_wconf 85' lang='lat' dir='ltr'>legem</span> <span class='ocrx_word' id='word_1_236' title='bbox 1203 4222 1266 4284; x_wconf 88' lang='lat' dir='ltr'>Dei</span> <span class='ocrx_word' id='word_1_237' title='bbox 1275 4242 1352 4286; x_wconf 88' lang='lat' dir='ltr'>auc·</span> 
     </span>
     <span class='ocr_line' id='line_1_36' title="bbox 398 4323 1350 4405; baseline 0.003 -21"><span class='ocrx_word' id='word_1_238' title='bbox 398 4323 523 4386; x_wconf 86' lang='lat' dir='ltr'>toritate</span> <span class='ocrx_word' id='word_1_239' title='bbox 544 4325 631 4405; x_wconf 88' lang='lat' dir='ltr'>regia</span> <span class='ocrx_word' id='word_1_240' title='bbox 653 4344 717 4386; x_wconf 91' lang='lat' dir='ltr'>non</span> <span class='ocrx_word' id='word_1_241' title='bbox 740 4325 826 4388; x_wconf 87' lang='lat' dir='ltr'>sinat</span> <span class='ocrx_word' id='word_1_242' title='bbox 847 4323 1040 4388; x_wconf 88' lang='lat' dir='ltr'>conculcari.</span> <span class='ocrx_word' id='word_1_243' title='bbox 1087 4323 1184 4386; x_wconf 87' lang='lat' dir='ltr'>Unde</span> <span class='ocrx_word' id='word_1_244' title='bbox 1206 4343 1263 4385; x_wconf 85' lang='lat' dir='ltr'>rex</span> <span class='ocrx_word' id='word_1_245' title='bbox 1293 4345 1350 4387; x_wconf 83' lang='lat' dir='ltr'>ex-</span> 
     </span>
    </p>
   </div>
   <div class='ocr_carea' id='block_1_3' title="bbox 398 4423 1350 4510">
    <p class='ocr_par' dir='ltr' id='par_1_5' title="bbox 398 4423 1350 4510">
     <span class='ocr_line' id='line_1_37' title="bbox 398 4423 1350 4510; baseline 0.007 -26"><span class='ocrx_word' id='word_1_246' title='bbox 398 4423 564 4486; x_wconf 84' lang='lat' dir='ltr'>acerbatus</span> <span class='ocrx_word' id='word_1_247' title='bbox 580 4425 683 4510; x_wconf 90' lang='lat' dir='ltr'>ipsum</span> <span class='ocrx_word' id='word_1_248' title='bbox 700 4425 853 4508; x_wconf 78' lang='lat' dir='ltr'>praecepit</span> <span class='ocrx_word' id='word_1_249' title='bbox 876 4423 1062 4498; x_wconf 80' lang='lat' dir='ltr'>discedere3</span> <span class='ocrx_word' id='word_1_250' title='bbox 1084 4433 1116 4486; x_wconf 89' lang='lat' dir='ltr'>et</span> <span class='ocrx_word' id='word_1_251' title='bbox 1130 4443 1171 4486; x_wconf 91' lang='lat' dir='ltr'>nc</span> <span class='ocrx_word' id='word_1_252' title='bbox 1186 4424 1350 4493; x_wconf 77' lang='lat' dir='ltr'>transitum</span> 
     </span>
    </p>
   </div>
   <div class='ocr_carea' id='block_1_4' title="bbox 0 0 1818 5317">
    <p class='ocr_par' dir='ltr' id='par_1_6' title="bbox 0 0 1818 5317">
     <span class='ocr_line' id='line_1_38' title="bbox 0 0 1818 5317; baseline 0 2"><span class='ocrx_word' id='word_1_253' title='bbox 0 0 1818 5317; x_wconf 95' lang='lat' dir='ltr'> </span> 
     </span>
    </p>
   </div>
  </div>
 </body>
</html>
