3625 5317
423 807 487 866 348
679 809 1108 858 rosxxrssaaesesmaxsrs

422 987 552 1056 quoque
574 975 731 1051 patentes,
748 961 866 1048 quibus
882 959 944 1024 lroc
962 959 1184 1036 mandabatur,
1194 955 1290 1042 jussit
1311 959 1374 1043 sig-

422 1083 513 1135 natas
526 1071 559 1132 in
576 1065 725 1130 omnibus
747 1063 968 1150 episcoporum
988 1061 1118 1126 sedibus
1130 1060 1372 1144 diligentissime

421 1169 581 1239 custodiri.
634 1169 685 1232 Ad
712 1167 874 1230 Thomam
899 1186 1040 1252 quoque,
1062 1164 1095 1227 in
1121 1187 1161 1228 eo
1183 1165 1372 1229 constitutus

421 1273 570 1351 articulo,
584 1271 752 1358 epistolem
768 1269 801 1332 in
817 1269 888 1332 lraec
902 1268 1000 1332 verba
1013 1266 1144 1330 direxit:

425 1561 506 1645 Cap.
524 1567 574 1626 15.
595 1559 733 1642 Epistola
754 1559 850 1618 cordi
865 1555 999 1617 Anoelmi
1019 1556 1063 1618 od
1088 1556 1232 1618 llromom
1252 1558 1371 1620 Eboro-

466 1683 575 1724 ocurcm
589 1661 708 1722 eloctum
712 1661 843 1741 jacentis
859 1659 891 1718 in
904 1657 977 1718 lecto
989 1679 1043 1718 suo
1056 1658 1222 1741 lonqumtir
1234 1659 1372 1742 dejuris-

462 1763 592 1824 dictione
604 1761 730 1824 wdecim
748 1760 864 1823 curisti
880 1759 1064 1823 Cortuoriae.

464 1918 620 1984 Arcaimus
634 1917 773 1978 minister
786 1913 921 1978 ecclesio
937 1914 1185 1990 Coriuoriemir,
1205 1915 1326 1980 Thone

613 2019 708 2082 electo
722 2016 956 2100 archiepiscopo
971 2015 1176 2080 Eborocensi.

464 2161 486 2192 “
502 2157 594 2230 Tiar,
607 2151 747 2229 Thema,
758 2150 791 2214 in
803 2161 975 2235 conspectu
985 2148 1212 2234 omnipotentis
1223 2149 1297 2225 Dei,
1310 2173 1372 2235 ego

419 2259 441 2291 “
458 2253 631 2319 Anselmus
649 2250 887 2318 Cantuariensis
901 2250 1154 2335 archiepiscopus
1167 2250 1264 2314 totius
1286 2250 1373 2316 Brit·

420 2361 442 2392 “
457 2353 563 2418 annioe
578 2354 697 2438 primas
718 2353 841 2438 loquor,
856 2352 990 2440 loquens
1011 2374 1052 2416 ex
1072 2365 1162 2438 parte
1182 2351 1282 2437 ipsius
1296 2352 1370 2418 Dei.

417 2462 438 2494 “
456 2453 911 2538 Sacerdoteleofficium‚quod
921 2475 994 2517 meo
997 2454 1088 2539 jussu
1097 2454 1129 2516 in
1141 2453 1289 2538 parochia
1297 2476 1371 2518 mea

420 2565 514 2642 “per
535 2553 770 2637 suffraganeum
791 2573 901 2617 meum
922 2554 1098 2639 suscepisti,
1115 2555 1175 2618 tibi
1197 2554 1368 2631 interdico;

419 2661 439 2694 “
454 2667 552 2744 etque
574 2654 726 2742 praecipio
741 2675 781 2718 ne
797 2664 829 2718 te
852 2653 893 2718 de
915 2653 1023 2740 aliqua
1042 2677 1119 2719 cure
1140 2655 1289 2739 pastorali
1304 2655 1369 2719 ullo

420 2765 443 2798 “
459 2755 555 2822 modo
577 2777 751 2843 praesumas
773 2755 1003 2832 intromittere3
1026 2755 1129 2819 donec
1143 2778 1164 2819 a
1183 2756 1367 2832 rebellione,

419 2866 439 2898 “
455 2881 552 2946 quam
580 2872 691 2923 contra
719 2857 886 2922 ecclesiam
919 2857 1182 2921 Cantuariensem
1212 2857 1370 2943 incoepisti

419 2969 442 3000 ‘⁶
456 2960 619 3038 discedam
651 2973 684 3023 et
709 2959 739 3022 ei
763 2959 994 3044 subjectionem
1018 2965 1130 3044 (quam
1156 2971 1372 3024 antecessores

417 3068 437 3099 “
453 3061 511 3138 tui,
530 3061 673 3126 'rhomes
688 3059 838 3126 videlicet
852 3073 885 3124 et
901 3059 1057 3124 Girardus
1076 3059 1314 3145 archiepiscopi,
1329 3083 1372 3124 ex

419 3171 441 3202 ‘⁴
456 3161 590 3248 antiqua
610 3175 844 3226 antecessorum
869 3159 1101 3224 consuetudine
1127 3159 1256 3245 prolessi
1278 3168 1368 3245 sunt)

419 3273 441 3307 ‘⁶
455 3263 642 3349 profitearis.
688 3261 784 3335 Quod
800 3261 826 3324 si
841 3261 873 3324 in
890 3260 939 3326 hio
954 3283 1028 3349 quoe
1043 3261 1166 3346 coepisti
1181 3261 1282 3346 magis
1297 3283 1369 3348 per·

419 3373 440 3404 “
456 3383 564 3428 serare
586 3383 682 3447 quam
705 3361 746 3425 ab
773 3360 819 3424 eie
842 3361 995 3427 desistere
1017 3362 1191 3447 delegeris3
1220 3363 1368 3428 omnibus

417 3473 439 3506 “
456 3462 610 3551 episcopis
625 3462 721 3528 totius
733 3461 910 3527 Britannice
925 3465 985 3529 sub
995 3479 1150 3550 perpetuo
1165 3464 1367 3530 anathemate

417 3575 439 3607 ‘⁴
455 3564 621 3650 interdico,
647 3587 687 3630 ue
711 3565 770 3630 tibi
796 3563 879 3630 ullus
903 3585 1014 3630 eorum
1037 3588 1150 3631 manns
1176 3567 1218 3631 ad
1242 3589 1367 3652 promo-

416 3679 437 3711 “
452 3669 572 3733 tionem
598 3667 800 3753 pontificatus
830 3668 993 3753 imponat3
1024 3668 1075 3732 vel
1105 3669 1130 3733 si
1160 3668 1201 3734 ab
1229 3670 1368 3734 externis

416 3779 438 3812 “
453 3783 616 3855 promotus
631 3766 739 3849 fueris,
756 3792 812 3855 pro
829 3769 977 3855 episcopo
992 3768 1041 3833 rel
1064 3770 1172 3857 aliqua
1187 3770 1369 3837 Christiana

416 3880 438 3913 ‘⁶
452 3866 676 3934 communione
701 3868 911 3955 resuscipiat.
963 3868 1040 3933 Tibi
1064 3891 1204 3957 quoque,
1227 3870 1367 3949 Tlroma,

416 3981 437 4012 “
452 3969 513 4035 alib
541 3969 655 4034 eodem
686 3971 889 4035 anathemate
919 3993 959 4034 ex
986 3984 1075 4054 perte
1105 3971 1170 4036 Dei
1198 3972 1365 4049 interdico,

413 4080 433 4111 “
449 4083 661 4159 utnusquam
674 4071 930 4145 benedictionem
944 4071 1144 4157 episcopatus
1156 4073 1367 4141 Eboraceusie

414 4183 436 4216 ‘⁶
451 4170 598 4258 accipias,
622 4173 681 4238 nisi
705 4171 929 4258 professionem
954 4175 1059 4258 (quam
1083 4186 1297 4239 antecessores
1319 4175 1367 4238 tui

412 4281 432 4311 “
449 4274 593 4340 Thomas
605 4287 638 4338 et
651 4273 806 4340 Girardus
817 4271 961 4337 ecclesiae
974 4275 1196 4340 cantuariensi
1209 4276 1364 4359 lecerunt)

412 4377 431 4412 ‘⁶
448 4371 553 4438 lacius.
611 4373 646 4438 Si
671 4385 779 4438 eutem
810 4371 1029 4463 episcopatum
1058 4375 1295 4443 Eboracensem
1324 4397 1369 4442 ert
