3625 5317
430 816 501 863 csn.
517 795 591 876 vm]
805 813 1047 862 usrmoercns.
1323 804 1387 863 ltu

430 990 497 1051 qno
518 987 582 1029 non
604 965 655 1029 sit.
700 964 885 1031 Aristoteles
910 979 1017 1031 autem
1044 966 1111 1031 sere
1133 966 1255 1052 ubique
1276 986 1384 1033 conse·

430 1066 578 1153 quentiae
600 1062 702 1150 ponit,
725 1064 791 1129 sive
812 1078 966 1141 astruere,
987 1067 1054 1131 sive
1075 1065 1240 1131 destruere
1260 1064 1387 1141 doceat,

431 1168 518 1257 quod
528 1167 670 1253 positum
680 1178 738 1231 est.
769 1168 815 1233 Et
826 1168 1068 1254 qniaadunum
1081 1168 1184 1233 multa
1193 1180 1386 1254 sequuntur,

431 1269 579 1336 habenda
599 1281 647 1333 est
668 1268 762 1347 ratio,
778 1269 864 1335 unde
883 1274 978 1357 plura
997 1271 1181 1352 astruendo,
1196 1270 1246 1335 vel
1261 1269 1387 1335 destru-

431 1370 525 1447 endo,
548 1370 746 1456 proveniant.
799 1370 848 1435 Ut
870 1373 953 1437 enim
975 1371 1021 1437 ait
1044 1371 1251 1437 Aristoteles:
1282 1369 1388 1435 omnis

432 1471 491 1559 qui
507 1470 589 1535 dixit
602 1468 774 1556 quidlibet,
784 1470 1022 1556 quodammodo
1036 1472 1138 1537 multa
1149 1470 1233 1537 dixit
1247 1469 1387 1558 eoquod

432 1571 528 1657 plura
541 1570 714 1657 unicuique
729 1594 769 1637 ex
785 1574 969 1639 necessitate
983 1569 1208 1658 consequentia
1222 1583 1307 1637 sunt.
1337 1571 1386 1635 Ut

434 1672 491 1758 qui
507 1672 666 1737 hominem
681 1671 765 1739 dixit
781 1696 859 1747 esse,
875 1688 909 1739 et
930 1674 1080 1760 qnoniam
1095 1686 1145 1739 est
1159 1672 1276 1738 animal
1292 1672 1389 1749 dixit,

433 1790 467 1841 et
479 1776 631 1860 quoniam
646 1775 834 1853 animatum,
849 1788 882 1841 et
903 1774 1054 1861 quoniam
1070 1775 1174 1861 bipes,
1188 1787 1220 1839 et
1236 1772 1388 1860 quoniam

433 1876 560 1955 mentis,
570 1884 603 1940 et
615 1875 783 1962 discipline
798 1875 1014 1965 susceptibile.
1051 1878 1113 1942 Est
1128 1890 1235 1941 antem
1251 1875 1390 1939 rationa-

437 1976 501 2041 bile
511 1977 687 2063 problema,
695 1976 737 2043 ad
750 1978 838 2064 quod
851 1979 1106 2045 ratiocinationes
1119 1978 1203 2044 dunt
1217 1991 1251 2043 et
1265 1976 1387 2063 spissae,

435 2092 467 2145 et
484 2079 588 2146 bonae.
623 2083 727 2146 Totus
741 2080 850 2169 itaque
866 2080 1024 2147 secundus
1038 2081 1165 2147 liberio
1180 2105 1219 2146 eo
1234 2092 1390 2160 versatur,

437 2182 525 2269 qnod
537 2194 585 2249 est
594 2181 634 2247 de
643 2182 815 2249 accidente.
849 2184 893 2249 Et
905 2205 1007 2271 quum
1016 2197 1164 2249 naturam
1175 2180 1390 2248 accidentium

436 2283 601 2369 eleganter
613 2283 812 2362 doceat,tam
828 2285 988 2351 rationum
1003 2285 1214 2363 firmitudine,
1224 2305 1320 2372 quam
1335 2305 1391 2348 ex-

436 2384 612 2471 emplorum
629 2385 845 2473 jucunditate,
860 2386 901 2451 ad
921 2388 1024 2453 multa
1038 2387 1226 2454 commodus
1239 2398 1298 2452 est.
1342 2388 1389 2451 Et

437 2487 515 2573 quia
529 2486 629 2553 solum
644 2487 789 2553 accidens
810 2489 850 2555 ad
867 2490 1136 2575 comparationem
1159 2489 1258 2566 venit,
1278 2486 1393 2553 tertius

437 2587 701 2674 comparabilium
721 2589 786 2653 vim
808 2590 924 2675 aperit,
939 2603 972 2655 et
993 2589 1141 2657 insistens
1162 2602 1289 2655 naturas
1309 2590 1392 2653 acci·

439 2688 596 2764 dentium,
605 2712 680 2777 quse
691 2691 733 2755 sit
744 2690 882 2777 eligendi
894 2704 952 2757 ant
965 2691 1111 2778 fugiendi
1124 2692 1217 2773 ratio,
1225 2705 1257 2757 et
1268 2694 1301 2755 in
1314 2689 1392 2775 ipsis

438 2790 605 2877 eligendis,
615 2814 691 2877 quae
705 2791 939 2878 praeelegenda,
953 2805 985 2857 et
1001 2792 1034 2855 in
1049 2789 1222 2877 fugiendis,
1235 2814 1309 2877 quas
1323 2811 1395 2876 proe

438 2891 561 2958 caetcris
571 2892 736 2977 fugienda,
745 2891 936 2977 regulariter
946 2904 1112 2957 monstrat.
1139 2892 1192 2955 Ex
1205 2914 1269 2978 qno
1279 2890 1392 2976 liquet,

438 3008 596 3081 qnantum
617 2995 686 3059 lnec
707 2994 874 3081 disciplina
888 2994 1036 3081 Physica
1055 3008 1087 3060 et
1104 2994 1231 3060 Etbicae
1251 2992 1392 3079 prodest.

440 3098 549 3175 Quum
565 3096 635 3162 brec
650 3094 829 3181 disciplinae
844 3096 1013 3183 particula,
1024 3097 1058 3159 in
1066 3094 1254 3183 appetendis
1264 3106 1297 3158 et
1307 3093 1396 3159 deri-

418 3196 558 3277 ⁸tandis‚
573 3210 606 3263 et
620 3196 652 3261 in
669 3196 817 3262 omnibus
832 3196 971 3284 denique
989 3195 1262 3282 comparabilibus
1276 3194 1396 3281 vigeat,

440 3298 535 3385 plane
550 3298 649 3385 hujus
660 3297 725 3362 lata
739 3311 787 3363 est
802 3297 1046 3377 commendatio,
1058 3310 1090 3363 et
1102 3296 1184 3361 male
1199 3295 1363 3382 neglectus
1373 3319 1394 3360 a

441 3397 615 3485 prioribus,
627 3422 699 3463 cnm
716 3400 856 3465 utilitate
870 3399 1052 3485 conspicua,
1062 3412 1095 3463 et
1105 3398 1275 3464 verborum
1289 3397 1395 3484 gratia

437 3499 604 3586 jucundus
619 3503 672 3578 it,
681 3510 713 3564 et
730 3512 796 3565 tam
811 3500 941 3566 Ethicoe
951 3521 1048 3587 quam
1060 3500 1206 3585 Physica
1218 3499 1394 3587 plurimum

442 3602 554 3688 prosit.

581 3791 661 3875 Cap.
677 3790 707 3855 7.
732 3791 846 3855 Breuis
860 3792 945 3853 ratio
959 3792 1083 3872 φωνή,
1096 3798 1127 3855 ct
1140 3792 1257 3873 quinti.

487 3908 649 3985 annrus
670 3919 777 3972 antam
801 3920 929 3973 exercet
950 3906 1160 3992 pmblemata,
1180 3932 1255 3996 quae
1279 3921 1353 3975 sunt
1375 3932 1396 3973 a
1417 3970 1427 3979 .

443 4030 568 4095 genere,
590 4022 624 4075 et
638 4007 683 4073 sic
703 4010 830 4095 generis
844 4022 877 4075 et
897 4010 1025 4096 speciei,
1039 4023 1072 4074 et
1094 4009 1135 4074 ad
1150 4034 1194 4089 se,
1212 4025 1246 4077 et
1265 4011 1307 4076 ad
1321 4011 1397 4087 alin,

443 4110 667 4178 cohaerentiam
683 4110 786 4177 docet.
811 4116 858 4179 Ut
871 4110 1030 4197 liquidnm
1043 4111 1084 4177 sit
1097 4114 1258 4189 omnibus,
1273 4124 1396 4198 quanto

444 4209 614 4297 dispendio
623 4210 774 4298 temporis
784 4213 884 4277 nostri
893 4211 1058 4296 neglectus
1067 4209 1396 4297 sitaproeceptoribus

444 4314 570 4379 nostris.
637 4313 674 4377 ln
705 4313 765 4377 hac
794 4313 1021 4399 speculatione,
1050 4336 1115 4378 non
1148 4311 1243 4377 credo
1272 4309 1396 4375 diutius

446 4414 680 4481 immorandum
694 4441 701 4481 :
726 4438 825 4499 quum
842 4414 881 4479 de
894 4436 1001 4479 rerum
1013 4414 1183 4499 generibus
1192 4412 1295 4478 multa
1305 4434 1399 4498 supe-
