3625 5317
481 766 521 825 86
741 774 879 821 sonusrs
895 772 1175 820 ssaasusnmnsrs
1311 754 1395 833 [um.
1411 773 1435 816 1.

479 928 658 1005 diversitas,
681 927 762 992 sicut
784 925 1046 1014 proprietatibus,
1075 922 1173 988 sicet
1197 922 1362 988 vocabulis
1385 924 1434 986 in·

480 1029 600 1115 signiri.
632 1029 712 1095 Inde
726 1052 803 1112 ergo
815 1030 912 1113 (sicut
925 1024 1081 1089 Boethius
1092 1038 1205 1088 auctor
1216 1030 1274 1107 est)
1284 1022 1433 1105 contigit,

479 1142 517 1195 ut
531 1134 587 1195 hoc
602 1140 729 1197 uocetur
750 1135 849 1207 bomo,
871 1130 954 1193 illud
973 1131 1110 1209 lignum,
1130 1129 1224 1191 aliud
1241 1149 1315 1190 vero
1329 1129 1434 1207 lapis:

479 1242 510 1294 et
533 1230 577 1296 sic
599 1231 784 1296 substantiis
804 1230 964 1305 omnibus,
987 1250 1045 1291 sua
1066 1228 1158 1313 quasi
1180 1230 1337 1313 impressa
1357 1239 1433 1289 sunt

479 1334 617 1397 uomina.
636 1333 698 1397 Sed
707 1336 856 1418 quoniam
868 1334 1010 1417 ipsarum
1022 1328 1132 1392 multoe
1143 1342 1216 1393 sunt
1227 1328 1430 1391 differentiae:

479 1432 550 1497 aliae
579 1432 710 1520 quidem
735 1456 753 1495 a
776 1432 968 1517 quantitate,
990 1430 1061 1493 alioe
1081 1452 1100 1491 a
1121 1430 1288 1514 qualitate,
1313 1430 1384 1493 alioe
1413 1454 1433 1493 a

480 1534 575 1598 variis
598 1532 809 1598 accidentium
839 1528 970 1595 l'ormis:
1002 1530 1078 1593 item
1108 1528 1179 1592 alim
1205 1529 1246 1593 ab
1275 1529 1335 1608 his,
1358 1552 1431 1615 qum

479 1634 684 1699 familiariora
724 1648 809 1713 snnt,
851 1644 882 1697 et
924 1630 1032 1695 adesse
1072 1628 1274 1694 conducunt:
1314 1629 1431 1694 idcirco

479 1737 599 1821 quibus
623 1736 682 1799 hoc
705 1724 936 1817 designaretur,
959 1730 1086 1793 nomina
1107 1744 1182 1795 suut
1204 1731 1335 1795 inventa
1357 1755 1429 1817 quae

479 1851 605 1922 possent
621 1834 715 1921 adjici
731 1833 950 1907 substantivis,
971 1842 1127 1896 eteorum
1148 1830 1210 1893 vim
1229 1844 1260 1894 et
1283 1842 1429 1894 naturam

477 1934 714 2022 quodammodo
736 1934 958 2018 depingerent,
982 1932 1063 1997 sicut
1086 1931 1261 2017 praemissae
1283 1932 1429 1996 substau-

480 2039 598 2101 tiarum
625 2036 815 2099 differentiae
837 2035 903 2097 suis
927 2034 1177 2119 proprietatibus
1198 2031 1428 2119 exprimentur.

481 2137 568 2202 Sicut
585 2137 666 2199 eninr
683 2134 857 2198 accidentia
880 2133 1089 2199 substantiam
1112 2134 1263 2211 vestiunt,
1285 2151 1317 2199 et
1333 2134 1430 2199 infor·

479 2252 581 2303 mant:
607 2238 650 2301 sic
664 2236 801 2323 quadam
826 2236 1030 2323 proportione
1051 2236 1193 2312 rationis,
1208 2238 1249 2301 ab
1264 2236 1429 2323 adjectivis

478 2336 678 2419 substantiva
700 2336 920 2400 informantur.
966 2338 1011 2400 Et
1034 2349 1068 2401 ut
1092 2337 1278 2401 familiarius
1297 2338 1429 2402 rationis

478 2438 635 2503 institutio
651 2451 772 2503 natnroe
793 2439 961 2514 cohaereat,
985 2439 1066 2503 sicut
1086 2438 1263 2502 substantia
1277 2440 1429 2525 cujusque

478 2540 534 2621 rei,
540 2539 723 2603 intentionis
734 2552 764 2603 et
773 2538 962 2603 remissionis
971 2538 1082 2620 ignara
1093 2553 1156 2604 est:
1174 2541 1218 2604 sic
1230 2540 1429 2605 substantiva

476 2640 517 2705 ad
533 2639 780 2726 comparationis
802 2640 922 2724 gradus
936 2662 999 2703 uon
1015 2639 1157 2717 veniunt,
1177 2655 1214 2706 ut
1229 2663 1286 2705 nec
1301 2645 1429 2709 nomina

475 2741 725 2806 differentiarum
742 2740 1012 2817 substantialium,
1030 2741 1104 2805 licet
1127 2741 1284 2827 adjectiva
1299 2745 1374 2823 siut,
1389 2770 1427 2810 co

475 2844 561 2931 quod
578 2843 764 2909 substantias
781 2841 939 2929 quandam
955 2841 1095 2905 indicent
1111 2842 1308 2927 qualitatem.
1344 2849 1425 2910 Item

475 2968 531 3010 nec
546 2944 601 3011 illa
622 2958 858 3032 comparantur,
881 2966 954 3029 quas
983 2942 1177 3029 adjiciuntur
1199 2944 1385 3010 substantiis
1407 2971 1426 3011 a

474 3046 663 3133 quantitate,
676 3070 713 3109 eo
729 3046 813 3131 quod
824 3047 892 3130 ipsa
908 3044 1082 3129 quantitas,
1097 3065 1159 3107 nou
1176 3042 1308 3130 suscipit
1324 3049 1425 3133 magis

473 3160 505 3211 et
524 3148 636 3213 minus.
683 3148 727 3209 Et
744 3148 776 3207 in
800 3168 934 3219 summa,
955 3146 1036 3209 sicut
1060 3144 1160 3209 solum
1184 3144 1328 3211 accidens
1342 3172 1426 3212 com-

472 3245 615 3336 parabile
634 3259 693 3325 est,
716 3270 773 3308 nec
794 3245 828 3309 id
853 3257 958 3309 tamen
982 3269 1096 3311 onrne:
1119 3246 1164 3311 sic
1186 3248 1254 3312 sola
1267 3249 1426 3333 adjectiva

472 3349 690 3424 accidentiam,
701 3370 758 3411 nec
768 3370 804 3410 ea
815 3359 918 3410 tamen
929 3350 1045 3427 omnia,
1055 3363 1288 3435 comparantur.
1312 3354 1424 3416 Neciu

471 3453 545 3519 solis
555 3448 735 3514 nominibus
750 3448 919 3533 conspicua
927 3463 976 3514 est
991 3451 1060 3515 hoec
1071 3464 1194 3515 naturae
1209 3452 1357 3533 imitatio,
1368 3454 1425 3517 sed

470 3554 502 3617 in
515 3552 585 3616 aliis
599 3550 746 3615 omnibus
756 3549 907 3614 orationis
919 3550 1077 3636 partibus,
1087 3551 1113 3615 si
1124 3550 1310 3637 diligentius
1321 3568 1424 3618 atten-

469 3652 575 3719 datur.
621 3654 685 3715 Pro
702 3651 843 3737 eoquod
864 3652 1053 3729 substantia,
1074 3676 1148 3738 quaa
1168 3655 1274 3716 sensui
1293 3667 1350 3718 aut
1373 3678 1423 3718 ra·

468 3756 548 3821 tioni
570 3753 731 3840 objicitur,
752 3754 819 3815 sine
840 3766 942 3833 motu,
963 3775 1028 3838 quo
1049 3752 1173 3839 agendo
1196 3758 1249 3819 vel
1270 3754 1423 3840 patiendo

468 3852 591 3941 aliquid
615 3853 831 3939 temporaliter
857 3867 1012 3929 moretur,
1036 3877 1103 3920 esse
1125 3877 1188 3918 non
1211 3867 1329 3942 potest,
1349 3856 1423 3920 ideo

467 3958 507 4022 ad
518 3955 730 4041 designandos
742 3969 847 4019 motus
859 3955 1040 4042 corporales
1052 3956 1177 4042 agentis
1189 3969 1244 4021 aut
1259 3958 1422 4041 patientis,

466 4058 647 4141 excogitata
671 4069 744 4119 sunt
772 4058 877 4121 verba.
929 4056 1026 4121 Unde
1051 4058 1128 4144 quia
1153 4070 1259 4121 motus
1285 4080 1347 4121 non
1374 4072 1422 4124 est

467 4160 533 4224 siue
559 4168 712 4242 ternpore,
736 4178 792 4219 nec
807 4156 942 4219 verbum
964 4179 1031 4219 esse
1055 4158 1159 4241 potuit
1180 4158 1246 4220 sine
1269 4158 1422 4243 temporis

465 4257 774 4347 consignificatione:
799 4270 831 4321 et
851 4257 933 4319 sicut
957 4268 1064 4319 motus
1078 4257 1106 4320 is
1126 4280 1189 4321 riou
1208 4280 1334 4343 semper
1354 4260 1423 4323 uni-

464 4362 574 4427 formis
593 4372 651 4439 est,
675 4359 741 4441 sed,
757 4371 793 4423 ut
816 4356 859 4420 sic
881 4356 999 4432 (licam,
1024 4356 1215 4435 multicolor,
1237 4358 1300 4422 alio
1316 4358 1422 4437 aliter,
