3625 5317
479 792 539 851 188
708 802 1138 849 rosns1sssansnsmass1s
1281 784 1423 863 [mn.1r.

474 956 622 1039 literqne,
633 952 666 1016 id
681 965 729 1016 est
740 952 861 1038 absque
875 952 962 1016 omni
975 974 1092 1027 errore,
1107 950 1278 1016 examinat
1316 951 1421 1027 Hanc,

476 1057 544 1119 sire
563 1053 760 1139 sapientiam,
780 1053 846 1117 sive
864 1054 1016 1131 rirtutem
1037 1052 1100 1116 Dei
1118 1051 1241 1121 dixero.
1261 1064 1295 1115 et
1316 1074 1421 1115 rerum

476 1154 618 1217 omnium
638 1152 866 1217 firmitudinem
886 1176 966 1229 esse,
985 1151 1199 1240 proculdubio
1220 1176 1282 1217 non
1301 1156 1423 1218 errabo.

477 1256 578 1319 Penes
592 1253 673 1317 hanc
687 1254 828 1317 omniurn
844 1275 950 1317 rerum
967 1266 1093 1327 natura,
1104 1274 1281 1339 processus,
1291 1254 1425 1335 finisque

478 1354 632 1419 subsistit.
683 1354 811 1440 Quippe
838 1354 907 1418 haec
935 1366 984 1417 est
1015 1353 1160 1439 Spbaera,
1184 1376 1279 1441 qnam
1302 1354 1427 1439 poetico

478 1453 632 1539 figmento
644 1454 827 1517 Martianus
840 1453 1042 1532 obnubilans,
1052 1475 1093 1517 ex
1103 1452 1252 1516 omnibus
1265 1452 1427 1516 elementis

478 1551 556 1616 dicit
571 1576 639 1617 esse
660 1566 870 1638 compactam,
886 1567 923 1618 ut
940 1550 1021 1615 nibil
1041 1552 1137 1628 absit,
1152 1551 1240 1637 quod
1254 1552 1296 1615 ab
1317 1551 1427 1637 aliqua

479 1666 593 1717 natura
616 1654 767 1717 credatur
788 1649 953 1715 contineri.
999 1650 1071 1714 Illic
1093 1651 1210 1714 coelum
1236 1672 1340 1731 omne,
1360 1674 1427 1727 aer,

478 1755 573 1830 freta,
601 1753 834 1836 diversitasque
870 1750 1004 1825 telluris,
1032 1750 1236 1837 claustraque
1263 1754 1427 1826 Tartarea,

481 1856 586 1930 urbes,
609 1858 759 1942 compita,
774 1875 847 1918 cum
870 1853 995 1917 actibus
1017 1853 1219 1939 fortunisque
1239 1853 1318 1931 suis,
1333 1876 1429 1917 cunc·

480 1972 650 2042 tarumque
679 1955 798 2041 species
827 1976 947 2032 rerum,
974 1967 1038 2018 tam
1064 1955 1097 2018 in
1124 1954 1237 2040 specie,
1267 1977 1364 2040 quam
1394 1955 1427 2018 in

480 2077 595 2139 genere
625 2053 839 2119 numerandae.
890 2055 972 2131 Quae
1002 2052 1130 2138 quidem
1161 2054 1297 2139 sphaera,
1321 2054 1427 2139 imago

480 2153 627 2240 quasdam
654 2152 835 2228 videbatur,
861 2154 997 2239 ideaque
1020 2151 1142 2218 mundi.
1201 2154 1297 2218 Plato
1320 2168 1428 2221 autem

480 2255 688 2339 quaestionem
713 2253 848 2331 inducit,
873 2277 938 2319 nnn
966 2254 1006 2319 sit
1030 2255 1116 2329 idea,
1141 2276 1182 2317 an
1212 2254 1330 2340 plures.
1382 2260 1427 2321 Et

480 2356 624 2441 profecto
645 2358 671 2421 si
694 2356 904 2421 substantiam
933 2357 1085 2434 scientiae,
1110 2370 1168 2421 aut
1191 2356 1333 2433 rationis,
1357 2359 1428 2445 quis

479 2455 635 2533 attendat,
651 2479 714 2522 una
728 2470 793 2521 est:
816 2458 840 2521 si
858 2457 1074 2543 pluralitatem
1096 2480 1214 2535 rerum,
1234 2481 1317 2544 quas
1335 2481 1428 2544 penes

481 2558 611 2623 ceratio
633 2560 789 2639 intuetur,
803 2559 885 2623 ideae
905 2575 979 2624 suut
1000 2560 1145 2625 infinitae.
1189 2564 1285 2648 Hanc
1303 2561 1429 2625 intuens

480 2660 618 2738 Stoicus,
631 2660 767 2748 apiolas,
780 2683 876 2745 quam
892 2684 951 2724 nos
966 2659 1127 2746 appellare
1141 2682 1310 2745 possumus
1325 2662 1430 2746 provi·

480 2762 632 2840 dentiam,
645 2776 828 2827 veneratur:
846 2780 878 2828 et
893 2761 1019 2845 legibus
1034 2762 1145 2846 ipsius,
1156 2762 1197 2825 ad
1212 2763 1428 2828 necessitatem

481 2864 587 2930 omnia
606 2866 683 2930 dicit
704 2864 828 2931 arctari.
873 2864 1037 2949 Epicurus
1050 2886 1070 2927 e
1082 2876 1194 2927 contra
1212 2886 1318 2928 rerum
1331 2864 1429 2927 facili·

481 2980 579 3033 tatcm
601 2967 780 3045 attendens,
797 2965 959 3051 extinguit
979 2963 1118 3049 spatas,
1139 2978 1173 3028 et
1194 2964 1301 3028 omnia
1321 2968 1431 3049 alege

481 3067 679 3133 necessitatis
705 3066 852 3131 absolvit.
911 3064 1144 3150 Peripateticus
1161 3086 1248 3140 vero,
1269 3064 1432 3150 utrimque

480 3165 596 3228 erroris
631 3163 846 3250 precipitium
883 3176 1039 3243 metuens,
1075 3184 1132 3225 nec
1173 3162 1215 3227 ad
1252 3162 1430 3247 paradoxas

484 3262 594 3336 Stoici,
610 3282 668 3324 nec
689 3261 728 3324 ad
750 3259 907 3345 κυριοδᾶξας
928 3261 1062 3346 Epicuri
1081 3275 1241 3327 movetur:
1264 3261 1320 3325 setl
1336 3262 1380 3327 sle
1398 3265 1431 3326 in

486 3358 595 3425 Stoico
615 3358 743 3446 πςονοὶαν
763 3361 884 3433 asserit,
899 3373 937 3425 ut
951 3362 1047 3426 rebus
1068 3383 1130 3424 non
1154 3362 1285 3426 inducat
1299 3363 1432 3427 necessi-

483 3472 599 3527 tatem:
624 3460 668 3524 sic
688 3482 759 3525 curn
781 3460 934 3545 Epicuro,
953 3483 973 3524 a
993 3462 1179 3526 necessitate
1198 3486 1248 3527 res
1267 3462 1432 3549 expendit,

483 3574 520 3626 ut
544 3560 754 3647 providentiae
775 3584 838 3626 non
862 3562 987 3627 auferat
1009 3561 1186 3628 veritatem.
1232 3564 1299 3628 Res
1321 3566 1431 3650 itaque

482 3662 599 3748 partim
611 3666 799 3729 necessarias
808 3662 918 3727 asserit
927 3686 1006 3744 esse,
1017 3664 1130 3749 partim
1142 3663 1288 3728 facilitati
1296 3678 1432 3745 naturae,

482 3777 515 3827 et
536 3762 636 3829 libero
656 3764 790 3849 arbitrio
808 3765 979 3851 subjacere.
1025 3764 1241 3829 Academicus
1260 3788 1337 3828 veru
1355 3764 1434 3829 fluc-

485 3874 568 3942 tuat,
582 3876 614 3927 et
629 3863 707 3949 quid
724 3861 755 3928 in
772 3865 905 3951 singulis
920 3886 1030 3929 verum
1046 3865 1088 3928 sit
1102 3863 1234 3929 definire
1248 3888 1310 3929 nou
1326 3865 1431 3932 audet.

486 3961 568 4027 Haec
589 3975 694 4027 tamen
717 3977 803 4029 secta
823 3966 979 4030 trifariam
999 3965 1102 4030 divisa
1126 3978 1194 4031 est:
1221 3967 1318 4031 babet
1338 3968 1433 4047 enim,

485 4064 540 4151 qui
571 4086 603 4129 se
628 4062 709 4127 nihil
734 4065 862 4129 omnino
892 4069 971 4130 scire
999 4066 1221 4151 profiteantur,
1249 4081 1282 4132 et
1310 4068 1435 4132 cautela

484 4166 581 4231 nimia
602 4167 826 4234 demeruerunt
847 4166 1028 4253 philosophi
1050 4190 1173 4232 nomen.
1221 4169 1331 4235 Habet
1344 4170 1435 4249 alios,

485 4272 541 4353 qui
565 4292 597 4332 se
621 4267 686 4332 sola
711 4268 893 4343 necessaria,
918 4280 950 4330 et
976 4289 1033 4352 per
1051 4292 1083 4333 se
1110 4282 1197 4346 nota,
1219 4293 1295 4355 quse
1316 4270 1434 4334 scilicet

487 4370 598 4433 nesciri
630 4391 693 4435 non
727 4382 871 4453 possunt,
902 4369 1115 4434 confiteantur
1145 4393 1244 4436 nosse.
1304 4371 1433 4436 Tertius
