3625 5317
416 831 487 877 aar.
503 812 596 893 mm]
776 824 1016 875 unrsnoorcua
1312 812 1373 873 1611

416 1033 497 1119 Cap.
515 1038 565 1096 12.
592 1032 682 1107 Quid
707 1031 996 1115 prudentiaque
1024 1031 1162 1093 moterlo
1190 1030 1269 1111 ejus,
1294 1048 1373 1113 quoe

556 1140 680 1217 portae,
694 1140 725 1198 et
739 1133 894 1217 quomodo
908 1132 1043 1195 edentia
1057 1152 1098 1194 ea
1110 1151 1219 1194 amu.

459 1246 662 1310 Pnunnurm
677 1256 783 1307 autem
800 1256 860 1320 est,
873 1254 910 1307 ut
925 1242 969 1306 ait
987 1241 1110 1319 Cicero,
1122 1241 1226 1306 virtus
1241 1239 1369 1317 animoe,

415 1367 490 1431 quae
511 1343 544 1409 in
567 1344 773 1430 inquisitione
794 1361 827 1409 et
850 1342 1073 1430 perspicientia
1094 1342 1287 1430 solertiaque
1303 1342 1369 1407 reri

417 1459 572 1512 versatur.
617 1446 757 1511 Materia
771 1444 854 1511 enim
870 1446 967 1533 hujus
981 1443 1122 1521 virtutis,
1137 1445 1170 1510 in
1192 1465 1259 1531 qua
1279 1466 1370 1509 exer·

416 1560 518 1629 cetur,
533 1547 650 1613 veritas
667 1560 732 1613 est:
764 1547 960 1636 reliquarum
976 1567 1063 1625 vero,
1077 1545 1259 1611 domesticae
1280 1569 1370 1633 quoe·

415 1649 490 1714 dam
515 1649 725 1716 necessitates.
770 1652 821 1715 Ne
841 1671 919 1735 ergo
934 1647 1147 1734 undecunque
1168 1647 1312 1724 fallatur,
1328 1646 1370 1714 ad

417 1750 529 1816 futura
543 1762 747 1839 prospectum
765 1750 917 1830 intendit,
931 1763 963 1814 et
985 1748 1217 1836 providentiam
1240 1749 1370 1827 format,

417 1852 467 1916 rel
489 1851 653 1939 praeterita
675 1852 716 1918 ad
739 1866 875 1918 mentem
899 1874 1061 1928 revocans,
1085 1850 1282 1921 thesaurizat
1304 1873 1372 1918 me·

416 1954 543 2020 moriae:
576 1954 625 2019 rel
640 1954 681 2020 de
704 1954 914 2042 praesentibus
927 1952 1032 2031 callet,
1048 1965 1081 2018 et
1103 1953 1229 2021 astutiae
1244 1956 1295 2018 rel
1309 1951 1372 2018 cal·

414 2055 548 2122 liditatis
574 2059 708 2145 speciem
735 2058 840 2145 parit:
872 2068 929 2123 aut
952 2079 985 2121 se
1011 2056 1130 2143 pariter
1156 2054 1197 2118 ad
1224 2054 1372 2125 universe

416 2156 581 2236 diffundit,
596 2172 627 2224 et
644 2158 672 2223 ei
687 2157 928 2247 circumspectio
942 2160 1094 2223 nascitur.
1138 2158 1247 2237 Quum
1262 2170 1369 2227 antem

417 2262 582 2324 veritatem
597 2257 696 2323 fuerit
711 2272 866 2340 assecuta,
881 2259 915 2323 in
931 2259 1065 2346 speciem
1085 2255 1224 2323 scientia*
1248 2257 1370 2323 transit.

414 2362 468 2425 Ex
483 2359 534 2423 his
550 2372 650 2446 patet,
666 2360 754 2447 quod
770 2383 871 2449 quum
890 2359 930 2424 de
946 2382 1052 2433 sensu,
1068 2357 1265 2447 imaginatio,
1280 2373 1313 2426 et
1329 2382 1370 2432 ex

415 2460 465 2526 his
479 2460 618 2540 duobus,
629 2462 748 2550 opinio,
759 2476 792 2528 et
807 2486 846 2529 ex
857 2462 1019 2551 opinione,
1028 2460 1199 2551 prudentia
1210 2475 1371 2542 nascatur,

416 2587 489 2651 quae
504 2564 537 2629 in
553 2564 715 2629 scientiam
732 2564 940 2645 convalescat,
955 2564 1042 2653 quod
1061 2564 1191 2629 scientia
1212 2563 1253 2628 de
1275 2586 1370 2629 sensu

417 2666 517 2731 trahit
533 2665 695 2751 originem.
743 2668 825 2734 Nam
849 2680 887 2733 ut
909 2667 1032 2733 dictum
1054 2681 1112 2743 est,
1127 2670 1223 2731 multi
1244 2688 1370 2744 muta,

416 2778 478 2832 out
496 2774 594 2834 ctiam
618 2791 714 2847 unua,
730 2769 913 2833 memoriam
936 2790 1044 2843 unam,
1064 2768 1177 2832 multae
1198 2769 1370 2843 memoriae,

416 2872 682 2958 experimentum,
703 2872 806 2937 multa
831 2869 1059 2958 experimenta,
1082 2869 1237 2955 regulam,
1259 2867 1371 2932 multa*

414 2972 544 3059 regulae,
559 2972 757 3039 reddiderint
773 2994 866 3037 unam
888 2984 1002 3053 artem,
1016 2993 1067 3034 ars
1081 2993 1157 3034 vero
1172 2969 1369 3035 facultatem.

440 3130 521 3216 Cap.
541 3134 590 3192 13.
614 3132 666 3193 Dc
680 3130 863 3217 differentia
879 3130 1036 3206 scientim,
1050 3138 1080 3191 et
1094 3130 1287 3213 sapientire:
1311 3138 1344 3195 er

790 3233 991 3315 qaidfides?

459 3340 547 3405 Innn
563 3352 621 3416 est,
638 3340 724 3427 quod
740 3342 875 3427 majores
890 3340 1107 3427 prudentiam,
1123 3341 1172 3407 rel
1195 3342 1369 3424 scientiam,

415 3438 455 3503 ad
480 3439 702 3525 temporalium
729 3450 762 3503 et
788 3439 983 3504 sensibilium
1009 3441 1155 3505 notitiam
1183 3442 1369 3509 retulerint:

415 3541 456 3606 ad
487 3540 702 3628 spiritualium
733 3562 819 3621 vero,
849 3540 1059 3620 intellectum,
1090 3543 1141 3607 rel
1170 3542 1369 3631 sapientiam.

417 3646 501 3708 Nam
517 3642 557 3707 de
572 3642 732 3724 humanis,
747 3642 895 3711 scientia:
926 3643 967 3709 de
981 3643 1107 3720 divinis,
1124 3646 1291 3730 sapientia,
1307 3646 1371 3714 dici

416 3746 505 3808 solet.
543 3743 637 3807 Adeo
648 3757 755 3808 autern
768 3744 808 3808 de
818 3764 911 3808 sensu
921 3742 1051 3808 scientia
1062 3744 1190 3830 pendet,
1201 3758 1370 3827 uteorum,

415 3868 490 3931 quae
512 3868 605 3910 sensu
629 3845 785 3923 sciuntur,
800 3868 863 3911 non
886 3846 928 3910 sit
951 3846 1093 3924 scientia,
1117 3846 1213 3913 rebus
1235 3870 1254 3911 a
1276 3871 1370 3913 sensu

416 3945 591 4013 subductis.
636 3950 771 4013 Constat
786 3947 869 4012 enim
891 3947 952 4011 hoc
974 3948 1015 4012 ab
1031 3946 1213 4013 Aristotele.
1260 3947 1371 4015 Potest

416 4060 520 4111 tamen
536 4071 603 4113 esse
624 4048 726 4113 fidelis
740 4048 867 4136 opinio:
901 4062 937 4113 ut
959 4070 1061 4134 quum
1077 4063 1148 4135 post
1171 4062 1296 4115 noctem
1314 4050 1369 4114 Sol

416 4148 559 4214 creditur
585 4148 758 4215 rediturus.
804 4148 902 4213 Unde
927 4149 1004 4238 quia
1027 4152 1164 4214 humana
1190 4147 1371 4215 transitoria

417 4248 491 4329 sint,
502 4264 624 4315 certum
641 4250 798 4338 opinionis
813 4253 853 4316 de
867 4254 978 4316 iisdem
995 4252 1107 4338 nequit
1121 4275 1187 4315 esse
1197 4249 1370 4336 judicium,

416 4350 476 4415 nisi
493 4374 582 4418 raro:
614 4354 640 4419 si
661 4365 780 4431 autem,
795 4352 882 4437 quod
907 4374 969 4417 non
993 4374 1224 4439 usquequaque
1245 4363 1369 4417 certum

416 4468 475 4534 est,
490 4476 549 4541 pro
564 4468 652 4521 certo
672 4466 844 4530 statuatur,
861 4456 896 4519 fit
920 4473 1064 4518 accessus
1085 4452 1125 4516 ad
1149 4451 1256 4531 fidem,
1272 4474 1369 4538 quam
