3625 5317
473 713 515 773 72
727 725 866 773 suanum
881 722 1157 772 mamaamausrs
1291 704 1376 785 [ara.
1390 724 1427 769 ιι

474 876 598 957 audita,
616 874 668 941 rei
691 876 818 963 scripta.
863 874 1026 951 Quoniam
1048 897 1126 959 ergo
1147 873 1269 958 regulae
1288 873 1429 939 innotes-

474 990 564 1057 cunt,
579 976 715 1043 sollicito
727 976 884 1057 doctores,
899 992 931 1045 et
944 980 1003 1064 qui
1013 975 1092 1043 nihii
1107 976 1228 1042 neacire
1241 975 1429 1060 dignantur,

477 1091 514 1145 ut
536 1079 684 1145 deductis
705 1080 858 1165 exemplis
878 1080 1047 1157 librorum,
1066 1101 1119 1143 me
1139 1076 1267 1143 iliarum
1292 1076 1429 1142 doceant

477 1202 584 1245 urum.
630 1183 703 1247 Non
719 1180 801 1245 enim
817 1202 969 1267 magnum
991 1192 1039 1245 est
1060 1179 1101 1254 ei,
1116 1180 1175 1267 qui
1194 1190 1296 1243 artem
1316 1176 1429 1241 defini·

475 1280 550 1346 endi
565 1280 673 1369 habet,
687 1281 712 1346 ni
727 1281 759 1345 in
774 1281 1014 1347 definitionibus
1027 1279 1152 1367 pridem
1173 1277 1312 1366 scriptia,
1325 1277 1429 1342 aliena

473 1378 604 1449 inventa
635 1394 807 1449 recenseat.
854 1380 1032 1469 Siquidem,
1060 1380 1087 1445 ai
1117 1379 1235 1466 Logica
1262 1377 1428 1443 definitiva

476 1496 535 1561 eat,
558 1484 705 1572 eoquod
729 1483 853 1571 eliquat
877 1483 994 1549 habeat
1018 1482 1232 1555 definitiones:
1256 1493 1289 1546 et
1316 1479 1427 1545 multae

476 1581 663 1673 disciplinae,
691 1586 770 1675 quia
797 1585 948 1672 pluribus
977 1584 1145 1651 abundant
1177 1582 1427 1661 definitionibus,

476 1687 578 1775 magia
592 1688 766 1756 definitiva
779 1700 885 1754 arunt.
930 1686 1146 1773 Indignamur
1163 1708 1241 1771 ergo
1260 1685 1336 1771 puri
1356 1682 1428 1770 phi·

476 1787 612 1876 ioaophi,
626 1804 660 1857 et
681 1792 738 1879 qui
756 1791 872 1871 omnia,
885 1801 1001 1877 praeter
1024 1788 1176 1875 Logieam
1198 1786 1426 1871 dedignantur,

476 1910 569 1975 equa
583 1891 811 1976 grammaticae,
823 1903 860 1955 ut
877 1888 1025 1975 Physica)
1038 1902 1196 1975 expertes,
1208 1902 1242 1953 et
1255 1887 1380 1964 ethica,
1395 1899 1428 1951 et

476 2011 527 2054 me
548 1989 742 2076 improbum,
763 1990 926 2063 obtusum,
948 2004 980 2055 et
1009 1988 1184 2065 caudicem,
1206 2000 1264 2055 aut
1285 1987 1426 2075 lapidem

474 2087 695 2154 criminantur.
740 2088 890 2155 Sufficere
912 2088 995 2153 enim
1013 2089 1180 2167 debuerat,
1206 2090 1247 2155 ad
1269 2089 1349 2155 artis
1369 2090 1427 2155 tri·

474 2187 588 2275 plicam
624 2188 820 2270 facultatem,
855 2188 944 2276 quod
975 2190 1165 2275 praedictum
1194 2204 1253 2257 cat.
1297 2191 1426 2278 Urgent

475 2290 570 2355 etiam
586 2290 627 2356 ad
643 2291 830 2357 solutionem
847 2294 1010 2380 promiaaoe
1025 2293 1188 2359 mercedis,
1219 2294 1313 2372 Quod
1330 2293 1357 2358 si
1370 2316 1427 2358 ex-

475 2391 570 2478 cipio,
585 2394 684 2479 juxta
707 2390 785 2458 illud
807 2394 960 2471 ethicum,
982 2397 1151 2462 mercedem
1167 2396 1326 2481 appellat,
1345 2397 1428 2479 quid

475 2497 559 2560 enim
574 2499 663 2562 acio?
686 2495 846 2561 Continuo
865 2496 1031 2583 replicant,
1043 2498 1142 2584 juxta
1160 2498 1310 2575 cundem,
1328 2500 1427 2581 culpo

474 2597 614 2662 docentia
624 2598 741 2665 acilicct
751 2600 916 2680 arguitur,
927 2618 1027 2681 quum
1037 2602 1074 2663 in
1082 2602 1428 2683 lampartemnmr'lloe

475 2699 525 2763 att
544 2698 622 2765 salit
640 2700 799 2763 Arcadico
811 2701 940 2781 juveni.
986 2699 1049 2776 Sic,
1071 2697 1128 2779 cic,
1144 2697 1309 2787 inquiunt,
1333 2722 1426 2767 nocte

473 2803 726 2884 voluntantum,
747 2802 919 2867 mercedem
940 2804 1058 2867 suam
1081 2822 1190 2868 nanto:
1212 2802 1291 2890 quia
1314 2802 1425 2889 itaque

474 2926 584 2971 vereor
598 2902 838 2992 ingratitudinis
853 2918 973 2982 uotam,
989 2903 1169 2981 Dotrinam,
1184 2927 1244 2991 pro
1264 2905 1423 2981 doctrina,

473 3006 676 3072 neeessariam
694 3028 752 3092 pro
767 3004 970 3081 uecensaaria,
981 3004 1028 3069 eis
1042 3004 1190 3091 rependo.
1221 3002 1423 3089 Regularum

473 3106 566 3170 trado
580 3102 815 3191 compendium,
825 3102 967 3167 indicent
981 3102 1037 3179 cia,
1048 3115 1083 3168 nt
1098 3125 1207 3168 earum
1222 3103 1283 3169 ribi
1297 3126 1425 3191 compo·

473 3223 543 3273 rent
566 3226 675 3269 usum:
699 3216 731 3267 et
754 3205 831 3289 quia
851 3215 915 3267 tres
934 3216 1018 3269 arten
1039 3205 1158 3294 accepi,
1179 3228 1296 3293 eoaque
1319 3207 1425 3286 utiiea,

474 3322 539 3372 tres
552 3305 663 3371 itidem
679 3302 789 3381 doceo,
805 3303 859 3369 aed
876 3303 1028 3371 utiliores.
1074 3307 1122 3372 Sit
1145 3330 1223 3394 ergo
1242 3309 1347 3395 prima
1366 3309 1424 3373 mi-

474 3406 586 3485 litaria,
601 3405 739 3475 secunda
753 3405 960 3485 medicinalia,
975 3412 1070 3475 tertia
1084 3411 1169 3497 juria
1187 3411 1300 3488 civilia,
1314 3424 1346 3476 et
1369 3411 1425 3478 da-

472 3523 645 3587 oretorum,
672 3520 705 3575 et
735 3508 834 3575 totius
862 3508 978 3574 ethica
1010 3512 1235 3599 perfectionem
1268 3512 1423 3580 absolvat

474 3612 633 3689 Quotiens
654 3632 731 3695 ergo
749 3632 821 3676 cum
843 3610 935 3676 hoste
955 3613 1223 3699 congrediendum
1246 3628 1309 3696 eat,
1328 3628 1423 3683 caute

473 3715 640 3803 providear
654 3736 693 3779 ne
708 3726 740 3780 te
755 3710 852 3780 hostis
866 3713 964 3779 ledat
978 3714 1008 3779 in
1024 3715 1146 3802 aliqu03
1168 3731 1202 3781 et
1216 3732 1252 3783 tu
1268 3718 1300 3783 in
1318 3719 1423 3807 primo

472 3814 621 3882 conflictu
649 3826 738 3883 totus
762 3814 909 3901 insurgas
934 3814 967 3880 iu
989 3839 1076 3892 eum,
1098 3830 1129 3881 et
1156 3816 1274 3883 illaesus
1298 3820 1423 3887 vulneri

472 3918 591 3984 vulnus
609 3916 744 4003 infligas,
760 3916 859 3981 donec
882 3916 935 3982 ilie
953 3930 1011 3983 aut
1027 3932 1059 3983 te
1079 3919 1219 3984 fateatur
1238 3943 1306 3985 ease
1325 3922 1424 3988 victo-

472 4043 550 4101 rem,
579 4033 636 4085 aut
665 4019 831 4097 exanimis,
860 4020 918 4085 tibi
943 4020 1067 4108 jndicio
1095 4023 1226 4107 publico
1255 4026 1421 4091 victoriam

471 4120 574 4187 cedat.
601 4119 785 4207 InPhysica
796 4142 870 4184 vero
881 4135 955 4185 ante
965 4120 1072 4185 omnia
1081 4144 1208 4189 canaam
1221 4126 1422 4211 aegritudinis

471 4223 629 4313 proevide;
653 4244 787 4309 eamque
802 4246 890 4300 cura,
906 4236 939 4287 et
959 4245 1084 4291 amove:
1108 4241 1140 4291 et
1160 4228 1276 4294 exinde
1296 4230 1419 4294 tamdiu

472 4324 1420 4419 reparativis‚etconservativiraegrnmerige‚etfove‚donec
