3625 5317
831 1047 875 1123 V.

565 1271 747 1356 VITA
790 1269 1144 1354 ANSELMI

417 1467 823 1546 ARCHIEPISCOPI
858 1465 1288 1552 CANTUARIENSIS,

780 1659 933 1704 AUCTORE

511 1822 726 1888 JOANNE
760 1819 1198 1886 SARESBERIENSI

627 1999 866 2052 GARNOTENSI
886 1998 1087 2052 nnlscono.

771 2415 953 2463 PROLOGUS.

430 2535 483 2596 An
509 2532 718 2618 depellendae
743 2533 946 2598 infidelitatis
969 2553 1172 2618 errorumque
1194 2535 1340 2598 tenebras

387 2635 480 2698 Dens
494 2635 680 2698 mirabiliter
699 2645 864 2716 operatum
886 2646 920 2697 et
934 2633 981 2695 eic
1003 2635 1044 2696 ab
1063 2635 1155 2697 initio
1175 2638 1341 2701 nascentis

386 2733 501 2798 mundi
522 2732 773 2798 misericordiam
804 2753 893 2795 eoem
919 2753 1047 2815 semper
1072 2745 1103 2797 et
1127 2735 1249 2819 ubique
1275 2737 1340 2800 die·

386 2847 520 2920 pensat3
542 2846 578 2898 nt
591 2833 737 2896 ecolesiae
759 2852 827 2895 euae
848 2833 1010 2896 ministros
1031 2848 1181 2917 procuret
1196 2836 1342 2917 idoneos,

387 2958 446 3020 per
461 2955 542 3020 qnos
556 2933 706 3017 proficiet
720 2932 763 2996 nd
778 2933 938 3009 virtutem,
954 2943 987 2998 et
1000 2955 1059 3017 per
1072 2936 1191 3000 fluctuo
1204 2938 1342 3002 labentia

388 3035 502 3100 saeouli
521 3033 654 3118 trajecta
672 3033 864 3116 provehatur
887 3034 929 3098 nd
949 3036 1092 3117 gloriam.
1146 3037 1237 3102 Siout
1257 3040 1343 3103 enim

389 3140 424 3201 in
447 3135 553 3200 noetis
577 3135 723 3218 caligine,
746 3135 818 3199 eliis
840 3137 1064 3203 occidentibus
1086 3139 1198 3218 stellis,
1220 3141 1292 3206 nliae
1310 3157 1345 3207 ut

390 3237 547 3303 mundum
557 3238 738 3302 illuminent
750 3237 910 3315 oriuntur5
930 3239 977 3303 rie
989 3239 1032 3305 nd
1047 3241 1218 3307 ecclesiam
1223 3241 1345 3328 jugiter
1478 3265 1484 3276 ·

389 3338 611 3404 illustrandam
631 3359 689 3422 pro
713 3337 860 3422 patribus
882 3340 1063 3405 succedunt
1082 3341 1160 3420 filii3
1186 3363 1245 3425 per
1261 3365 1345 3427 quos

392 3439 535 3522 cognitio
557 3438 623 3502 Dei
646 3450 677 3503 et
697 3439 802 3522 nultus
821 3451 975 3522 perpetuo
995 3450 1190 3524 propagetur
1208 3465 1229 3506 a
1249 3463 1345 3524 gene·

390 3541 512 3604 ratione
534 3541 568 3602 in
591 3540 840 3622 generationem.
892 3539 1004 3604 Sancti
1025 3541 1184 3625 siquidem
1207 3541 1266 3604 viri
1286 3543 1345 3607 filii

392 3652 468 3703 eunt
482 3643 701 3725 apostolorum
721 3651 754 3704 et
773 3641 1018 3724 prophetarum
1037 3641 1094 3723 qni
1108 3640 1193 3704 sient
1212 3642 1260 3705 eis
1275 3663 1347 3708 sue·

395 3755 562 3805 cesserunt
575 3743 609 3805 in
625 3741 734 3816 fidem,
745 3741 791 3806 ite
806 3741 929 3806 virtutis
943 3761 1140 3826 operumque
1156 3743 1347 3808 mirabilium

394 3842 569 3905 sortiuntur
578 3842 806 3921 haereditatem,
815 3854 848 3906 et
856 3841 1073 3906 retributionis
1082 3855 1207 3907 aeternae
1217 3843 1349 3926 gloriam

395 3949 617 4023 assequuntur.
662 3942 751 4005 Inter
774 3962 856 4025 quoe
878 3943 999 4005 Beatus
1020 3944 1191 4007 Anselmus
1206 3945 1347 4007 Cantua·
1404 3932 1406 3935 ⁵

396 4040 516 4103 riorum
525 4038 789 4122 archiepiscopus
799 4042 887 4104 velut
896 4040 1105 4106 clarissimum
1116 4043 1205 4106 sidus
1215 4043 1350 4119 effulsit;

396 4151 429 4202 et
451 4158 516 4200 non
533 4136 631 4202 modo
650 4138 801 4202 Latinum
820 4139 989 4205 illustravit
1003 4142 1159 4219 ordinem,
1179 4141 1238 4205 sed
1258 4142 1351 4205 elari-

394 4239 470 4302 tatis
480 4259 545 4302 suae
553 4237 659 4302 radios
667 4239 1003 4306 vibravirintiraeciam
1011 4243 1043 4305 in
1051 4242 1351 4322 ConcilioBarensi,

396 4341 450 4403 oui
465 4341 632 4406 Romanus
647 4339 795 4425 pontifex
812 4343 965 4406 Urbanus
979 4343 1146 4427 praesedit3
1165 4344 1352 4408 Grecorurn

439 4457 512 4504 vot.
530 4459 559 4503 v.
878 4461 902 4504 x
