3625 5317
454 761 518 820 86⁴
711 769 847 814 roausrs
863 768 1141 816 saamsarsssrs

454 926 596 989 lentibus
620 925 793 986 reluctatus
817 935 884 984 cst:
918 921 974 984 sed
998 923 1114 986 electio
1143 920 1254 984 divina
1283 930 1406 985 tantum

451 1027 628 1112 prevaluit,
658 1035 694 1086 ut
723 1023 879 1086 suadente
913 1037 947 1086 et
976 1023 1151 1086 inducente
1184 1037 1218 1086 et
1250 1023 1409 1086 instanter

451 1135 583 1208 urgente
606 1123 778 1187 venerabili
801 1123 867 1186 siro
894 1124 1039 1186 Hearico
1065 1122 1195 1200 Pisano,
1216 1125 1407 1206 presbytero

452 1225 617 1300 cardinali,
639 1235 671 1287 et
691 1221 779 1286 sedis
800 1225 985 1307 apostolicae
1006 1225 1124 1305 legato,
1143 1223 1303 1286 desiderio
1324 1224 1410 1306 regis

451 1326 670 1410 acqrriesceret
697 1335 731 1386 et
758 1325 903 1387 consiliis
932 1325 1119 1386 amicorum.
1172 1325 1291 1387 Maluit
1319 1326 1405 1387 enim

453 1427 625 1512 periclitari
641 1426 728 1508 apud
747 1447 866 1506 regem,
880 1448 978 1510 quam
1000 1425 1232 1489 desolationem
1250 1428 1409 1502 ecclesiae,

453 1549 526 1614 qum
549 1529 657 1590 multis
679 1527 866 1610 subjacebat
887 1527 1049 1609 periculis,
1069 1527 1202 1589 ulterius
1227 1529 1409 1610 prorogari:

454 1629 585 1692 firmiter
612 1629 648 1690 in
673 1629 779 1691 animo
806 1649 865 1691 suo
892 1638 1047 1702 statuens,
1070 1637 1126 1689 aut
1148 1648 1220 1690 eam
1244 1627 1286 1690 de
1310 1640 1407 1692 tantae

455 1731 612 1794 servitutis
627 1729 753 1792 miseria
767 1728 914 1805 liberare,
929 1727 1041 1790 autad
1059 1728 1271 1790 imitationem
1286 1729 1407 1792 Christi

455 1831 592 1894 animam
608 1849 726 1913 ponere
742 1849 799 1911 pro
815 1829 929 1892 ovibus
944 1830 1020 1891 suis.
1065 1829 1213 1892 Potestas
1227 1831 1311 1892 enim
1327 1832 1410 1913 pub·

456 1933 530 2006 lica,
546 1932 692 1994 ecclesiae
708 1929 907 2012 privilegium
924 1931 1085 2007 auferens,
1099 1950 1213 1992 causas
1227 1929 1409 1994 indifferen-

456 2047 504 2097 ter
524 2031 771 2107 ecclesiasticas,
796 2032 880 2094 sicut
902 2029 1092 2108 mundanas,
1110 2030 1152 2092 ad
1169 2052 1263 2094 suum
1280 2053 1409 2096 revoca·

456 2135 513 2196 bat
536 2153 692 2196 examen:
726 2143 759 2196 et
782 2133 1043 2210 conculcabatur,
1068 2142 1105 2194 ut
1129 2133 1282 2214 populus,
1303 2134 1351 2195 sic
1376 2143 1410 2195 et

458 2235 619 2300 sacerdos.

498 2337 588 2415 Ergo
604 2356 699 2417 quern
721 2336 810 2399 Deus
826 2337 888 2399 sibi
905 2334 1112 2418 praeelegerat
1133 2335 1308 2399 antistitem
1323 2337 1406 2399 sutu-

455 2457 524 2499 rum
545 2448 577 2498 et
597 2449 778 2518 martyrem,
797 2437 873 2498 licet
891 2435 1021 2518 quidam
1041 2439 1227 2500 amulorum
1246 2438 1279 2500 in
1297 2438 1408 2522 primis

456 2533 688 2621 promotionem
710 2534 789 2618 ejus,
813 2547 926 2597 contra
949 2534 1067 2597 divinae
1089 2535 1310 2618 dispositionis
1332 2558 1408 2600 con·

455 2638 574 2716 silium,
587 2635 742 2719 impedire
764 2636 871 2701 conati
894 2636 972 2712 sint,
987 2637 1179 2700 unanimiter
1198 2639 1241 2700 ab
1260 2639 1408 2702 omnibus

456 2741 578 2805 electus
593 2749 650 2803 est.

499 2841 714 2905 consecratus
728 2849 833 2903 autem
850 2839 956 2904 statim
971 2851 1110 2903 veterem
1128 2841 1220 2904 exuit
1234 2841 1406 2921 hominem,

456 2942 597 3006 cilicium
627 2951 660 3003 et
685 2940 879 3003 monachum
905 2939 1027 3003 induit:
1059 2961 1187 3004 caruem
1213 2940 1406 3024 crucifigens

457 3064 529 3107 curn
553 3043 637 3106 vitiis
660 3053 693 3106 et
716 3042 987 3125 concupiscentiis
1008 3043 1085 3106 suis.
1129 3043 1290 3106 Recolens
1312 3044 1408 3106 etiam

457 3165 553 3229 quarn
570 3156 754 3226 susceperat
766 3140 908 3206 doctoris
923 3153 955 3206 et
969 3144 1106 3227 pastoris
1121 3145 1276 3208 officium:
1292 3145 1409 3227 praedi·

457 3244 593 3308 cationis
608 3264 724 3306 munus
739 3244 915 3326 implebat:
938 3245 1094 3330 quicquid
1116 3247 1268 3330 temporis
1284 3249 1407 3309 subtra-

455 3346 531 3408 here
553 3354 677 3428 poterat
698 3345 934 3424 urgentioribus
955 3346 1103 3428 negotiis,
1124 3347 1260 3410 orationi
1288 3358 1321 3410 et
1342 3347 1408 3410 lec·

456 3446 538 3511 tioni
552 3445 617 3509 fere
632 3466 756 3528 semper
769 3445 971 3528 impendens.
1015 3448 1180 3511 solitarius
1191 3470 1289 3531 agens
1304 3469 1408 3532 usque

456 3549 491 3612 in
506 3548 693 3612 miraculum
712 3546 852 3611 lacrimis
874 3547 1126 3625 suffundebatur,
1141 3550 1234 3612 etsie
1250 3550 1284 3612 in
1300 3548 1407 3613 altaris

457 3652 641 3713 versabatur
662 3649 780 3726 officio,
795 3669 833 3712 ao
856 3649 883 3711 si
906 3650 1147 3731 presentialiter
1167 3649 1202 3712 in
1224 3671 1320 3713 carne
1340 3650 1409 3730 geri

457 3759 601 3814 cerneret
615 3751 819 3813 Dominicam
835 3746 1030 3833 passionem.
1073 3751 1345 3814 Reverentissime
1360 3750 1408 3812 di·

457 3851 531 3913 vina
553 3859 752 3912 sacramenta
781 3853 948 3926 tractabat,
972 3864 1008 3916 ut
1036 3853 1226 3916 intuentium
1250 3852 1349 3916 fidem
1376 3862 1410 3916 et

456 3973 559 4018 mores
573 3951 644 4036 ipsa
659 3950 866 4014 contrectatio
886 3951 1078 4017 informaret.
1124 3955 1244 4018 Manus
1260 3975 1335 4017 suas
1351 3975 1408 4017 ex·

456 4055 598 4120 cutiebat
612 4055 653 4116 ab
670 4051 756 4114 omui
779 4072 922 4130 munere,
936 4065 969 4117 et
984 4075 1002 4117 a
1016 4053 1113 4118 domo
1129 4075 1187 4118 sua
1209 4054 1320 4119 sordes
1334 4077 1404 4118 ava·

455 4157 535 4221 ritiao
558 4175 686 4238 prorsus
709 4153 903 4217 eliminabat.
949 4156 1028 4220 Erat
1050 4177 1179 4240 quoqne
1201 4155 1353 4240 providus
1373 4157 1411 4218 in·

457 4256 610 4333 consiliis,
626 4268 658 4318 et
671 4255 704 4316 in
720 4253 927 4318 ventilatione
950 4277 1114 4320 causarum
1138 4255 1276 4340 diligens
1290 4270 1323 4321 et
1337 4279 1402 4319 mo-

456 4361 565 4422 destus
587 4357 723 4430 auditor,
746 4357 779 4420 in
801 4357 1102 4439 interrogationibus
1124 4360 1277 4428 subtiliat
1300 4359 1334 4421 in
1357 4375 1403 4421 re·
