3625 5317
768 790 994 837 annuncient.
1301 773 1364 833 1181

444 946 536 1020 Qrtod
548 944 760 1008 macellarius
773 965 807 1007 re
820 942 998 1027 consor-mat
1011 942 1141 1015 calicis,
1156 947 1196 1003 ut
1210 944 1332 1001 meoet

795 1044 837 1109 ab
851 1064 965 1108 errore.

409 1148 543 1212 Tristior
556 1148 626 1211 hoec
643 1148 745 1212 cernit
752 1146 833 1231 juris
849 1145 999 1210 defensor
1012 1158 1045 1209 et
1059 1155 1169 1221 artem,
1280 1144 1363 1203 uas

497 1250 570 1321 Qua
584 1248 663 1312 serat
676 1248 830 1311 auxilium
846 1248 1090 1331 consiliumque,
1103 1256 1202 1329 paral.

411 1351 459 1414 Ut
472 1350 557 1413 furor
570 1348 695 1413 illorum
712 1349 868 1424 mitescat,
884 1346 1083 1411 dissimulare

497 1451 603 1513 Multa
617 1451 709 1526 solet,
725 1448 864 1524 simulat,
878 1447 967 1531 quod
982 1448 1024 1510 sit
1038 1460 1071 1510 et
1083 1447 1153 1529 ipse
1167 1447 1291 1518 furens;

412 1550 571 1614 Omnibus
587 1549 695 1613 omnia
709 1548 757 1625 fit,
773 1550 884 1632 specie
898 1559 992 1612 tenus
1006 1548 1112 1611 induit
1127 1547 1263 1623 hostem,

499 1652 546 1715 Ut
559 1652 689 1734 paribus
704 1650 820 1715 studiis
834 1648 938 1713 discat
952 1669 1058 1713 amare
1073 1648 1190 1711 Deum.
1282 1647 1364 1706 1440

411 1752 472 1816 llle
487 1750 581 1815 dolus
594 1753 700 1815 bonus
715 1760 773 1829 est,
790 1750 845 1835 qui
860 1750 990 1835 prolicit
1003 1748 1144 1826 utilitati,

499 1853 572 1924 Quo
585 1862 797 1937 procurantur
810 1851 938 1933 gaudia,
952 1852 1026 1929 vita,
1041 1852 1138 1914 salus.

412 1952 558 2018 Balbutit
571 1953 691 2031 nutrix,
705 1964 742 2017 ut
754 1952 898 2033 linguam
913 1952 1027 2016 formet
1040 1950 1172 2028 alumni,

498 2055 544 2117 Et
559 2075 667 2117 rerum
682 2054 757 2118 ficto
773 2064 867 2117 canta
882 2052 991 2116 dolore
1006 2053 1107 2133 firgat,

413 2155 582 2219 Lascivum
598 2155 696 2219 risum
711 2156 852 2219 lacrimis
867 2155 1047 2238 compescit
1061 2153 1181 2217 obortis
1286 2155 1369 2213 lato

500 2252 546 2317 Et
558 2266 686 2321 teneros
700 2275 813 2319 sensus
829 2255 951 2340 decipit
964 2266 1031 2319 arte
1045 2255 1107 2339 pia

414 2356 549 2421 Excitat
562 2356 602 2420 ad
616 2357 763 2425 lacrimas
777 2358 876 2423 facies
889 2357 1118 2441 lachrymantis
1132 2357 1283 2433 amicum,

500 2458 547 2521 Et
559 2460 658 2524 facies
672 2458 780 2523 hilaris
795 2458 913 2541 gaudia
927 2480 1013 2544 saepe
1028 2460 1115 2523 facit.

417 2556 543 2622 Fortius
557 2569 593 2623 nt
606 2560 698 2624 miles
712 2580 893 2643 pugnacem
909 2569 1054 2623 conterat
1066 2559 1202 2637 hostem,

503 2660 579 2723 Dux
595 2661 674 2725 facit
689 2672 837 2737 armatus,
851 2658 929 2722 dum
944 2660 1011 2722 sera
1023 2660 1111 2721 bella
1123 2660 1214 2741 gerit.
1286 2660 1369 2720 1450

417 2760 513 2823 Miles
527 2762 567 2824 ab
583 2762 733 2841 exemplo
748 2758 841 2821 ducis
855 2758 965 2820 hostes
979 2756 1083 2820 acrius
1096 2770 1199 2837 urget,

503 2863 583 2925 Dux
598 2861 708 2942 fugiat,
722 2857 814 2921 miles
829 2856 886 2919 dat
900 2878 1030 2941 qnoque
1045 2866 1133 2938 terge
1146 2856 1241 2937 firges.

416 2964 572 3028 Provocat
587 2962 706 3024 affectu
720 2958 882 3023 discentes
896 2957 1061 3020 officiosus

505 3061 638 3129 Doctor‚
652 3068 689 3122 ut
702 3060 852 3122 effectum
869 3056 973 3141 possit
987 3057 1105 3120 habere
1117 3058 1218 3120 labor·

418 3162 524 3226 Nemo
537 3160 643 3224 libens
659 3160 749 3224 audit
763 3156 903 3241 suspecti
919 3160 1017 3221 rerba
1031 3158 1184 3241 magistri,
1290 3160 1370 3221 lato

504 3265 596 3339 Quae,
610 3262 687 3325 licet
700 3280 813 3343 aspera
824 3259 898 3337 sint,
914 3258 1021 3324 dulcia
1034 3260 1141 3323 reddit
1153 3279 1252 3323 amor.

377 3430 381 3438 ,
420 3365 576 3447 Illaqueal
591 3362 689 3425 citius
703 3358 851 3423 homines
865 3370 898 3425 et
913 3359 1036 3424 valdius
1050 3371 1152 3424 arctet

504 3464 653 3527 Formula
668 3460 805 3537 vivendi,
819 3481 916 3542 quam
932 3463 1036 3542 gravis
1049 3471 1161 3527 auctor
1175 3473 1270 3525 amat.

420 3566 494 3629 Hac
509 3564 606 3646 igitur
620 3564 742 3628 ratione
757 3563 803 3627 tui
818 3582 909 3625 mens
923 3582 1001 3626 sena
1015 3563 1154 3645 patroni,

504 3665 553 3728 Ut
566 3664 724 3747 patienter
737 3684 810 3728 eum
827 3662 962 3746 perierat
977 3663 1051 3725 nula
1065 3663 1179 3724 surena.
1291 3666 1375 3725 1460

420 3762 600 3827 conciliare
614 3763 720 3827 studet
735 3764 797 3827 sibi
812 3760 1013 3825 conviventis
1026 3779 1166 3823 amorem

506 3864 637 3938 Turbae,
652 3884 693 3925 ne
708 3874 840 3946 peragat
853 3862 942 3924 ebria
957 3861 1068 3925 mortis
1082 3861 1150 3923 iter.

469 3962 564 4037 Quod
577 3962 671 4024 multi
683 3981 846 4025 sacceam
859 3981 979 4029 aarum
993 3961 1153 4025 dederunt
1166 3964 1278 4025 errori.

421 4064 523 4128 Ebria
536 4063 671 4127 senuna
687 4062 781 4127 donis
794 4084 878 4125 nora
893 4064 982 4126 curia
995 4084 1069 4146 rege

507 4163 576 4227 Sub
591 4181 689 4243 puero
704 4158 805 4223 credit
820 4173 937 4223 cuncta
950 4162 1047 4226 licere
1062 4162 1135 4225 sibi.

421 4263 567 4327 insanire
582 4271 676 4344 putes
690 4281 782 4343 reque
791 4260 991 4345 juvenesque
1007 4283 1176 4345 senesque,
1292 4266 1373 4325 lact

508 4364 634 4428 Insanit
644 4362 747 4447 judex
767 4363 973 4446 officiumque
987 4384 1089 4427 surim.
