3625 5317
500 762 560 821 178
749 771 885 817 rosruus
900 770 1181 817 sssssusurussrs
1301 755 1387 829 [nm.
1403 773 1446 817 rr.

499 924 559 989 hoc
588 944 649 1010 pro
679 921 846 987 seminario
873 918 1134 985 inveniendorum
1163 921 1243 985 dicit
1271 934 1448 1008 occeptum,

499 1024 586 1113 quod
603 1023 790 1089 Aristoteles
811 1027 858 1088 ait
872 1025 904 1085 in
922 1021 1108 1108 Analyticis,
1123 1023 1216 1102 idem,
1237 1045 1339 1106 quum
1360 1028 1404 1087 sit
1422 1033 1452 1089 st

497 1148 563 1190 non
578 1129 631 1199 sit,
647 1146 713 1189 nort
727 1137 907 1190 mersisset
923 1127 1006 1189 idem
1021 1145 1098 1190 csse.
1141 1130 1233 1209 Ergo
1250 1126 1329 1213 ipse,
1344 1138 1378 1190 et
1397 1124 1449 1188 alii

498 1227 700 1313 aliquatenus
729 1226 960 1313 suppleverunt
989 1227 1211 1312 imperfectum
1244 1226 1450 1293 Aristotelem

495 1330 528 1393 in
545 1330 604 1393 hac
620 1341 725 1416 perte:
749 1328 803 1393 sed
820 1328 965 1413 quidem,
980 1342 1015 1393 ut
1032 1328 1111 1391 mihi
1131 1330 1234 1393 visum
1254 1343 1315 1408 est,
1334 1330 1451 1414 imper-

495 1431 586 1496 fecte.
634 1432 749 1517 Itaque
771 1429 802 1493 in
820 1430 1035 1514 hypotheticis
1057 1429 1259 1515 syllogismis,
1274 1429 1333 1516 qui
1354 1427 1449 1515 syllo-

496 1532 590 1617 gismi
600 1530 689 1606 liunt,
699 1531 730 1595 in
742 1530 838 1617 priori
850 1530 952 1593 forms
961 1553 1019 1614 per
1028 1530 1214 1615 positionem
1224 1530 1448 1604 antecedentis,

498 1634 554 1719 qui
585 1633 617 1697 in
647 1630 815 1717 posteriori
842 1652 900 1715 per
929 1629 1177 1695 destructionem
1206 1630 1446 1716 consequentis:

495 1757 610 1821 quaeve
631 1734 693 1797 sint
718 1733 840 1819 figures,
861 1745 919 1796 eut
939 1730 1025 1795 modi
1047 1731 1103 1816 qui
1124 1744 1283 1806 constant,
1304 1752 1346 1796 ex
1366 1752 1448 1794 com·

367 1916 370 1923 1
497 1836 607 1921 positis
621 1831 846 1921 hypotheticis,
858 1847 890 1897 et
906 1832 946 1897 de
961 1832 1242 1918 propositionibus,
1251 1832 1448 1919 requimodis,

496 1951 528 2002 et
544 1959 605 2001 non
621 1933 822 2020 oequimodis,
833 1948 865 2001 et
880 1957 955 2021 quse
970 1938 1013 1999 sit
1027 1946 1142 1998 ustura
1155 1957 1278 2013 eorum,
1291 1936 1349 2021 qui
1365 1934 1446 1999 fiunt

492 2061 533 2102 ex
559 2036 738 2122 disjunctis,
763 2036 953 2101 ostenditur.
998 2036 1060 2099 Sed
1087 2036 1171 2099 forte
1196 2037 1238 2101 ab
1263 2034 1444 2112 Aristotele,

496 2140 538 2204 de
552 2137 711 2203 industris
726 2136 855 2202 relictus
870 2152 917 2201 est
933 2137 986 2201 hic
999 2138 1104 2202 labor:
1128 2160 1167 2201 eo
1184 2139 1274 2223 quod
1294 2138 1368 2223 plus
1387 2137 1446 2202 dit.

495 2238 647 2305 licultutis
669 2260 764 2324 quern
787 2236 939 2303 utilitatis
961 2237 1088 2303 videtur
1108 2238 1225 2302 hebere
1248 2238 1327 2304 liber
1346 2238 1446 2315 illius,

495 2341 552 2425 qui
569 2339 807 2422 diligentissime
822 2340 961 2425 scripsit.
1010 2339 1158 2405 Profecto
1172 2340 1200 2404 si
1215 2341 1301 2406 hunc
1325 2343 1447 2406 Aristo-

495 2443 573 2507 teles
588 2464 673 2505 more
689 2464 746 2505 suo
761 2453 985 2526 exequeretur,
1000 2442 1170 2507 verisimile
1185 2456 1232 2507 est
1248 2456 1346 2508 tautae
1365 2443 1446 2509 diffl-

496 2543 625 2610 cultstis
647 2544 715 2608 sore
736 2542 868 2620 librum,
891 2556 929 2607 ut
952 2557 1071 2631 prseter
1099 2544 1264 2629 Sybillsm,
1289 2545 1445 2632 intelliget

494 2667 596 2709 nemo.
642 2648 712 2711 Nec
729 2657 833 2709 tumen
850 2643 902 2708 hic
917 2645 958 2709 de
979 2645 1192 2732 hypotheticis
1212 2649 1287 2711 setis
1308 2648 1445 2711 arbitror

495 2746 694 2834 expeditum,
714 2747 936 2833 supplements
958 2770 1030 2810 vero
1051 2745 1228 2814 scholarum
1244 2750 1395 2834 perutilis
1413 2762 1445 2813 et

495 2850 667 2915 necessaris
682 2863 766 2915 sunt.

605 3108 685 3194 Cep.
702 3114 752 3171 ii.
776 3110 829 3173 De
843 3094 1084 3192 Sophistica‚cl
1098 3111 1239 3175 utilitate
1252 3112 1332 3191 ejus.

536 3268 762 3329 Soemsrrcsu
783 3286 861 3339 esse,
877 3266 1000 3330 dictum
1022 3279 1083 3342 est,
1105 3288 1183 3353 quae
1202 3267 1283 3333 salse
1303 3269 1439 3354 imagine

491 3378 555 3430 tsm
573 3362 777 3429 Dialecticem
795 3386 892 3448 quam
915 3365 1194 3431 demonstrativam
1210 3367 1392 3445 emulatur,
1407 3385 1439 3435 et

490 3465 623 3553 speciem
634 3488 730 3553 quem
742 3464 892 3530 virtutem
904 3467 1067 3551 sapientise
1076 3470 1323 3555 mugissffectat.
1345 3472 1440 3537 Unde

490 3592 530 3633 ne
549 3568 646 3633 cliens
668 3568 860 3642 Aristotelis,
883 3569 1074 3633 mechanicoe
1096 3570 1195 3657 hujus
1216 3573 1440 3659 supplantetur

489 3670 622 3749 insidiis,
644 3694 712 3735 earn
738 3670 991 3755 praecedentibus
1014 3684 1098 3736 recte
1124 3674 1301 3761 subjungit.
1346 3677 1440 3761 Opus

488 3772 619 3859 quidem
646 3773 779 3858 dignum
802 3772 983 3849 Aristotele,
1006 3786 1039 3838 et
1061 3796 1126 3859 quo
1148 3773 1236 3841 eliud
1259 3776 1360 3862 magis
1383 3800 1439 3841 ex·

487 3872 772 3960 pedirejuventuti
795 3897 856 3939 non
878 3876 970 3941 focile
990 3874 1143 3941 dixerim:
1167 3878 1323 3961 juventus
1342 3878 1440 3954 enim,

486 3973 544 4039 etsi
561 3974 746 4060 sapientiem
763 3998 867 4039 veram
885 3977 916 4039 iu
931 3977 1080 4040 omnihus
1094 3981 1186 4063 plene
1201 3996 1339 4067 nequest
1352 3980 1437 4044 obti-

486 4100 571 4155 nere,
584 4074 748 4161 sapientise
770 4090 873 4145 tamen
894 4077 1073 4163 opinionem
1095 4080 1234 4161 affectet,
1247 4096 1280 4147 et
1300 4080 1436 4168 gloriam

484 4200 573 4244 suam
590 4177 722 4242 aliorum
739 4179 808 4244 vult
819 4177 944 4262 judicio
958 4180 1121 4246 celebrari.
1168 4182 1243 4247 Hoc
1257 4198 1305 4249 est
1321 4184 1435 4271 utique

484 4282 573 4367 quod
588 4279 759 4367 sophistice
773 4280 960 4368 pollicetur:
984 4297 1031 4348 est
1043 4286 1126 4349 euim
1142 4306 1298 4372 apperens
1313 4290 1436 4374 sepien-

483 4382 538 4462 tis,
562 4404 624 4447 non
654 4382 801 4450 existens.
847 4382 944 4448 Unde
972 4397 1005 4450 et
1035 4386 1186 4473 sophista,
1215 4388 1363 4475 copiosus
1393 4390 1434 4453 ab
