3625 5317
397 785 466 828 eae.
484 768 533 841 in]
745 781 983 826 uararoorcus.

618 1046 697 1125 Cap.
721 1050 764 1106 10.
794 1046 841 1107 De
857 1044 1000 1107 utilitate
1014 1050 1125 1106 notant.

441 1180 648 1243 Faururaus
663 1190 710 1242 est
731 1177 869 1242 omnium
890 1178 1064 1263 peritorum
1085 1177 1256 1252 artificum,
1272 1176 1349 1241 artis

398 1304 466 1346 suas
491 1280 701 1345 instrumenta
726 1300 917 1366 praeparare,
942 1294 1114 1365 antequam
1140 1278 1347 1364 experiantur

399 1404 505 1457 usum,
521 1404 560 1445 ne
577 1395 710 1445 conatus
725 1383 865 1467 proprioe
884 1380 1046 1445 facultatis
1064 1380 1166 1445 inanis
1185 1382 1238 1458 sit,
1251 1381 1277 1444 si
1292 1382 1349 1445 do·

396 1482 535 1548 mesticis
560 1486 697 1547 caruerit
724 1482 955 1547 instrumentis.
1003 1483 1054 1546 Sic
1080 1482 1113 1545 in
1145 1505 1178 1546 re
1209 1484 1351 1563 militari,

396 1582 553 1671 praevidet
568 1582 635 1647 dux
652 1606 749 1660 arma,
766 1598 798 1648 et
814 1583 1042 1668 impedimenta
1056 1584 1189 1649 militiae.
1235 1583 1350 1647 Archi-

397 1698 512 1764 tectus,
520 1707 621 1770 quum
637 1684 857 1748 instrumentis
874 1683 1037 1748 materiam
1054 1683 1223 1770 perquirit,
1237 1685 1269 1747 in
1287 1706 1351 1770 qua

398 1810 442 1865 se,
457 1800 488 1850 et
504 1786 570 1862 illa,
586 1799 741 1849 exerceat.
787 1788 896 1849 Nauta
912 1785 1049 1862 clavum,
1066 1787 1227 1862 rudentes,
1239 1808 1352 1865 remos,

398 1887 561 1966 anchoras,
581 1902 611 1952 et
633 1902 746 1952 caetera
766 1887 884 1973 navigii
908 1902 1103 1952 armamenta
1122 1887 1294 1973 componit,
1315 1901 1351 1951 ut

398 2012 508 2053 eornm
539 1988 641 2054 lrctus
670 1988 875 2064 adminiculo,
909 1988 1107 2074 propositum
1142 1988 1219 2054 artis
1253 1990 1351 2076 possit

400 2091 518 2155 rectius
543 2090 703 2177 expedire.
750 2092 867 2177 ltaque
893 2092 960 2179 pari
989 2090 1095 2170 modo,
1116 2096 1164 2155 rei
1186 2095 1352 2157 rationalia

400 2194 519 2279 opifer,
535 2206 567 2256 et
582 2194 684 2277 campi
698 2192 809 2256 doctor
825 2217 946 2269 eornm,
963 2194 1017 2279 qui
1033 2193 1183 2279 Logicam
1201 2194 1350 2280 profiten-

401 2306 466 2369 tur,
476 2292 507 2355 in
520 2290 772 2379 praecedentibus
784 2291 993 2355 instrumenta
1005 2290 1200 2377 disputandi,
1212 2307 1244 2355 ct
1259 2291 1349 2377 quasi

403 2418 492 2459 arma
515 2408 663 2479 tyronum
690 2413 830 2468 suorum,
857 2394 970 2458 locavit
996 2395 1027 2456 iu
1053 2414 1160 2476 arena,
1184 2394 1260 2456 dum
1289 2416 1352 2455 ser·

402 2518 532 2561 monum
556 2494 744 2579 simplicium
761 2496 1020 2582 significationem
1042 2496 1212 2571 evolveret,
1228 2510 1259 2560 et
1276 2495 1350 2559 item

402 2596 657 2661 enunciationum
680 2600 885 2681 locorumque
908 2608 1053 2659 naturam
1076 2597 1223 2681 aperiret.
1269 2598 1353 2660 Con-

402 2710 572 2784 sequenter
593 2710 698 2761 autent
726 2698 1011 2760 instrumentorum
1035 2697 1221 2759 exercitium
1247 2696 1353 2769 docet,

401 2810 434 2862 et
450 2794 687 2883 quodammodo
701 2796 926 2881 congrediendi
947 2813 1046 2858 artem
1064 2796 1230 2879 tyronibus
1245 2794 1355 2872 tradit,

402 2911 434 2961 et
456 2896 548 2983 quasi
572 2896 713 2960 membra
736 2908 859 2958 moveat
883 2893 1135 2972 colluctantium,
1157 2894 1353 2980 proponendi

402 3014 435 3063 et
445 2994 880 3084 respondendi‚convincendi
890 3010 921 3058 et
933 2994 1098 3072 evadendi,
1111 2996 1353 3069 daemonstrat,

401 3113 434 3163 et
450 3121 517 3163 eam
541 3111 672 3183 propter
692 3118 789 3181 quam
808 3112 924 3161 caetera
939 3096 1100 3182 praemissa
1121 3111 1208 3174 sunt,
1223 3095 1355 3160 faculta-

402 3216 466 3264 tem
483 3197 651 3286 praeceptis
666 3196 827 3261 informat.
875 3202 921 3265 Ut
936 3212 1045 3263 autern
1061 3197 1229 3283 praemissae
1246 3198 1355 3262 simili-

405 3300 527 3365 tudinis
537 3320 709 3385 soqnamur
725 3298 972 3385 proportionem,
984 3300 1255 3387 quemadmodum
1270 3315 1355 3367 cnte-

401 3402 563 3486 goriarnm
593 3400 828 3479 elementarius,
859 3401 1137 3487 periermeniarum
1169 3402 1353 3489 syllabicus,

405 3501 559 3587 praemissi
575 3503 682 3588 topici,
697 3502 881 3567 dictionales
896 3501 969 3567 libri
985 3512 1086 3570 suut!
1100 3505 1144 3569 sic
1157 3505 1354 3591 Topicorum

403 3614 541 3681 octavus,
568 3604 817 3668 constructorius
846 3618 894 3667 est
926 3604 1098 3683 rationum,
1123 3627 1260 3690 quarum
1293 3609 1354 3668 ele·

404 3720 522 3780 menta,
546 3706 594 3769 vel
621 3705 702 3785 loca,
728 3706 760 3769 in
789 3707 1044 3791 praecedentibus
1069 3719 1244 3773 monstrata
1269 3718 1355 3772 sunt.

407 3804 504 3870 Solus
529 3804 637 3889 itaque
665 3820 809 3870 versatur
833 3806 864 3869 in
888 3808 1070 3893 praeceptis,
1094 3831 1133 3871 ex
1160 3808 1280 3893 quibus
1304 3831 1356 3872 ara

408 3905 662 3990 compaginatur,
674 3920 706 3970 et
718 3906 791 3993 plus
802 3907 926 3972 confert
935 3909 977 3973 ad
989 3910 1152 3975 scientiam
1169 3910 1356 3987 disserendi,

408 4002 433 4067 si
450 4006 631 4070 memoriter
646 4006 802 4071 habeatur
818 4010 849 4071 in
864 4010 970 4087 corde,
987 4024 1019 4074 et
1034 4012 1108 4097 jugi
1123 4012 1275 4077 exercitio
1290 4033 1357 4073 ver-

407 4118 495 4169 setur
508 4104 539 4169 in
556 4128 663 4191 opere,
674 4129 768 4192 quam
784 4130 894 4173 ornnes
905 4110 969 4174 sere
983 4109 1056 4176 libri
1070 4112 1266 4186 Dialecticae,
1277 4123 1375 4194 quos·

407 4206 550 4271 moderni
571 4222 781 4294 praeceptores
802 4212 899 4274 nostri
914 4212 946 4274 in
968 4212 1083 4275 scholis
1103 4212 1206 4297 legere
1227 4232 1356 4273 conane·

406 4320 535 4373 verant:
566 4330 638 4371 nam
661 4308 793 4387 cinaeo,
814 4331 875 4374 nou
896 4312 1080 4396 disputatur
1101 4326 1180 4392 arte,
1196 4311 1250 4375 sed
1270 4334 1355 4376 casu.

409 4409 569 4473 Caeterum
586 4421 622 4473 ut
645 4406 814 4491 plurimum
838 4412 950 4494 prosit,
964 4410 1099 4474 aliorum
1122 4409 1295 4476 necessaria
1309 4423 1357 4476 est

856 4518 910 4572 at
