3625 5317
400 814 470 861 cae.
487 796 549 876 nc]
751 813 994 862 uenatoorcus.
1313 808 1353 865 77

402 964 808 1045 truderamanifestumest.
832 964 958 1052 Ergoet
968 965 1168 1053 promodulo
1179 967 1355 1056 sapientiae,

401 1089 498 1153 quam
513 1066 650 1156 quisque
664 1067 800 1155 adeptus
815 1081 873 1146 est,
889 1068 1072 1155 eloquentia
1086 1069 1237 1157 prodest:
1261 1085 1353 1138 nocet

399 1168 481 1233 enim
498 1168 576 1245 haec,
593 1169 617 1233 si
633 1169 820 1234 dissocietur
835 1168 876 1233 ab
898 1168 963 1234 illa
1007 1174 1061 1235 Ex
1076 1194 1143 1257 quo
1163 1172 1265 1259 liquet
1286 1172 1354 1239 dia-

400 1268 555 1345 lecticam,
577 1289 645 1353 quac
661 1272 743 1333 inter
754 1272 915 1334 ministros
923 1272 1106 1354 eloquentiae
1115 1272 1353 1359 expeditissima

399 1381 458 1445 est,
470 1383 501 1433 et
516 1370 763 1457 promptissima,
777 1371 953 1458 unicuique
963 1373 1110 1455 prodesse
1119 1372 1159 1435 ad
1174 1394 1353 1438 mensuram

401 1470 539 1537 acientiae
554 1495 633 1539 suae.
679 1475 721 1539 Ei
736 1474 821 1538 onim
838 1475 967 1558 prodest
982 1473 1168 1562 plurimum,
1187 1473 1243 1561 qui
1257 1474 1354 1539 habet

401 1574 548 1640 notitiam
560 1576 789 1662 plurimorum:
806 1590 838 1641 et
849 1577 890 1653 ei,
900 1577 958 1661 qui
967 1598 1071 1662 pauca
1080 1577 1179 1656 norit,
1188 1576 1353 1641 minimum

400 1676 544 1762 prodest.
591 1676 673 1741 Nam
690 1678 772 1742 sicut
791 1678 921 1763 gladius
943 1678 1095 1743 Herculis
1109 1679 1141 1742 in
1158 1701 1254 1742 manu
1273 1678 1356 1763 Pyg-

399 1779 487 1857 mai,
510 1792 565 1843 aut
588 1780 784 1866 pumilionis,
808 1779 950 1844 inefficax
965 1792 1035 1855 est;
1059 1793 1091 1845 et
1106 1779 1189 1843 idem
1211 1780 1244 1843 in
1259 1801 1357 1844 mauu

400 1877 551 1955 Achillis,
574 1893 630 1945 aut
647 1881 809 1961 Hectoris,
831 1880 1020 1945 admodum
1042 1880 1186 1945 fulminis
1208 1880 1356 1945 universa

399 1982 591 2068 prosternit:
626 1984 670 2047 sic
693 1981 880 2064 Dialectica‚
905 1983 932 2047 si
957 1982 1090 2048 aliarum
1113 1982 1353 2070 disciplinarum

399 2084 509 2170 vigore
524 2084 730 2161 destituatur,
744 2084 983 2171 quodammodo
994 2107 1104 2150 manca
1115 2098 1175 2162 est,
1186 2099 1219 2151 et
1230 2085 1354 2151 inutilis

399 2185 476 2250 fere.
523 2186 556 2250 Si
578 2184 711 2250 aliarum
742 2186 856 2251 robore
878 2187 995 2271 vigeat,
1017 2200 1131 2274 potens
1159 2200 1207 2253 est
1227 2210 1352 2252 omnem

401 2287 563 2354 destruere
585 2289 775 2355 falsitatem:
799 2298 844 2372 ct,
865 2303 900 2355 ut
924 2290 1089 2356 minimum
1110 2291 1140 2355 ei
1162 2290 1352 2366 adscribam,

401 2389 517 2455 sufficit
546 2391 586 2456 de
607 2391 756 2456 omnibus
783 2392 991 2477 probabiliter
1016 2392 1192 2479 disputare.
1237 2394 1353 2478 Neque

399 2492 483 2556 enim
500 2514 649 2579 magnum
672 2507 732 2570 est,
749 2496 786 2574 si,
808 2516 895 2558 more
914 2494 1245 2582 nostrorum,jugiter
1265 2493 1297 2557 in
1318 2517 1353 2559 se

400 2607 538 2675 rotetur,
553 2618 585 2660 se
605 2596 787 2673 circumeat,
803 2619 860 2661 sua
882 2595 1016 2661 rimetur
1035 2620 1170 2671 arcana;
1194 2608 1227 2661 et
1240 2598 1274 2661 in
1289 2595 1353 2661 illis

401 2696 561 2765 duntaxat
584 2711 739 2776 versetur,
761 2720 836 2784 quae
859 2721 916 2762 nec
937 2698 1038 2775 domi,
1060 2721 1119 2771 nec
1140 2698 1273 2780 mititiae,
1295 2720 1353 2761 nec

400 2802 433 2864 in
449 2800 531 2878 foro,
546 2800 650 2864 necin
666 2799 817 2879 claustro,
831 2820 889 2862 uec
909 2800 942 2863 in
964 2799 1065 2878 curia,
1078 2820 1136 2863 nec
1149 2799 1184 2862 in
1199 2798 1353 2873 Ecclesia,

400 2903 466 2968 imo
481 2924 653 2988 nusquam,
669 2901 730 2965 nisi
747 2904 779 2964 in
795 2900 916 2978 schola,
930 2913 1084 2985 prosunt:
1109 2899 1153 2963 ibi
1169 2899 1253 2963 enim
1268 2913 1355 2963 tene·

400 3004 476 3069 riori
492 3003 579 3067 oetati
595 3003 690 3088 plura
705 2999 915 3087 indulgentur
929 2998 971 3062 ad
986 2998 1118 3062 modum
1133 3009 1166 3063 et
1181 2998 1353 3077 modicum,

400 3129 478 3195 quae
494 3126 568 3168 mox
585 3104 683 3187 magis
700 3106 800 3167 serius
816 3099 1026 3189 philosophia
1037 3112 1193 3166 tractatus
1203 3100 1353 3167 eliminat.

401 3206 570 3296 Siquidem
589 3191 655 3281 hic,
677 3227 777 3294 quum
800 3204 839 3269 ad
862 3212 1019 3268 maturam
1044 3202 1185 3269 scientiae
1206 3202 1257 3267 rel
1278 3204 1354 3269 vitae

400 3310 529 3376 venitur
538 3321 677 3387 aetatem,
689 3328 750 3371 non
767 3305 863 3371 modo
876 3304 973 3369 verba
984 3304 1129 3393 puerilia,
1139 3319 1172 3372 et
1181 3305 1353 3372 licentioris

402 3410 624 3498 indulgentiae,
631 3410 684 3475 sed
697 3421 780 3474 totos
789 3409 979 3495 plerumque
988 3407 1091 3495 rejicit
1099 3408 1206 3474 libros.
1223 3410 1297 3474 Hoc
1305 3422 1354 3476 est

400 3514 481 3579 enim
501 3512 587 3600 quod
604 3511 664 3576 sub
679 3510 798 3598 poetici
813 3509 899 3574 nube
921 3508 1076 3592 figmenti,
1091 3509 1124 3573 in
1144 3509 1302 3574 Mercurii
1320 3523 1353 3575 et

401 3616 588 3701 Philologiae
598 3614 749 3680 docemur
760 3612 893 3700 nuptiis,
906 3612 1048 3676 Deorum
1058 3611 1202 3677 omnium
1211 3611 1354 3698 auspicio

400 3717 582 3791 contractis,
605 3735 637 3781 et
661 3714 781 3779 utiliter
804 3712 988 3779 hominibus
1015 3712 1252 3798 amplectendis.
1299 3712 1352 3778 lbi

400 3841 538 3906 namque
553 3816 738 3904 philologia,
755 3827 925 3901 postquam
940 3812 1012 3877 coali
1029 3812 1150 3899 templa
1163 3813 1353 3879 conscende·

401 3932 463 3999 rat,
479 3934 511 3985 et
531 3918 669 4007 purioris
690 3930 793 3982 status
809 3926 900 3979 nacta
914 3927 963 3979 est
982 3914 1175 3993 libertatem,
1200 3916 1352 3982 librorum

403 4022 540 4110 copiam,
555 4021 674 4108 quibua
689 4017 837 4084 l'oecunda
858 4032 937 4093 erat,
958 4018 1136 4083 evomuisse
1150 4018 1354 4084 describitur.

402 4128 464 4190 Eat
475 4138 581 4189 autem
593 4124 711 4210 cuique
719 4122 825 4208 opifici
837 4120 1024 4186 facillimum
1040 4120 1081 4186 dc
1095 4134 1164 4187 arte
1176 4144 1235 4186 sua
1245 4119 1351 4204 loqui:

402 4228 455 4293 sed
472 4250 511 4292 ex
535 4238 613 4307 arte,
635 4224 723 4314 quod
746 4224 824 4289 artis
839 4235 898 4302 est,
918 4222 1033 4301 facere,
1056 4221 1277 4288 difficillimum
1292 4229 1352 4284 est.

401 4330 483 4408 Quis
507 4341 557 4395 est
581 4328 666 4394 enim
693 4326 846 4404 medicus,
868 4324 926 4410 qui
956 4346 1018 4389 non
1049 4323 1090 4387 de
1119 4318 1291 4399 elementis,
1320 4333 1353 4385 et

400 4430 601 4508 humoribus,
620 4442 652 4493 et
671 4424 958 4512 complexionibus,
975 4436 1007 4487 et
1027 4420 1157 4496 morbis,
1181 4432 1213 4482 et
1232 4419 1354 4486 ceteris
