3625 5317
482 778 544 837 rit
730 793 864 839 solutus
879 794 1155 843 saassussmusrs
1261 781 1370 861 [seor.
1386 798 1437 845 ru.

488 966 631 1029 scopum,
646 968 702 1031 per
711 942 785 1009 solis
799 958 831 1010 et
842 945 926 1011 lunae
940 946 1058 1010 coitum
1074 960 1106 1012 et
1120 948 1304 1035 oppositum
1314 948 1437 1035 aliquid

487 1067 682 1129 praenoscere
694 1060 724 1113 et
741 1069 814 1111 eum
829 1048 885 1132 qui
901 1048 970 1113 lraec
984 1048 1059 1114 lecit
1068 1048 1218 1116 uolumus
1228 1054 1439 1135 cognoscere?

489 1148 574 1224 Quid
591 1149 674 1215 valet
690 1172 806 1213 numen
822 1149 897 1215 solis
911 1149 1060 1214 admirari
1081 1163 1115 1216 et
1129 1165 1318 1237 potestatem
1338 1151 1438 1216 onini-

488 1251 866 1334 potentisnonrenerari?
884 1252 945 1316 Ille
953 1276 1030 1335 ergo
1038 1254 1120 1317 riam
1127 1254 1438 1340 sidereamarripere,

489 1351 633 1417 incedere
652 1368 683 1419 et
708 1376 871 1438 permeare
889 1355 1015 1435 nititur,
1035 1358 1094 1441 qui
1112 1355 1296 1441 postpositis
1316 1369 1437 1439 tempo

489 1452 619 1530 ralibus‚
642 1454 683 1520 de
705 1456 824 1521 virtute
846 1459 878 1519 iu
893 1456 1043 1521 virtutem
1065 1458 1201 1543 rapitur,
1222 1470 1256 1521 et
1277 1459 1435 1521 virtutum

485 1555 640 1639 gradibus
661 1558 869 1635 ascendendo,
900 1560 1007 1623 Deum
1037 1558 1068 1622 in
1092 1559 1170 1624 Sion
1191 1558 1434 1643 contemplatur.

490 1656 543 1723 Sic
558 1658 660 1743 igitur
674 1660 798 1725 animus
819 1658 993 1724 erudientis
1011 1683 1068 1745 per
1082 1658 1138 1724 has
1160 1676 1279 1745 septem
1302 1660 1391 1725 trivii
1404 1671 1435 1723 et

488 1758 648 1842 quadrivii
663 1759 730 1823 rias
750 1760 964 1845 eloquentiam
979 1774 1012 1824 et
1027 1761 1212 1846 sapientiam
1236 1760 1433 1847 adipiscitur,

487 1874 519 1923 et
542 1861 646 1925 anima
666 1860 839 1947 cujuslibet
861 1863 895 1925 in
915 1861 1027 1926 iisdem
1051 1861 1111 1926 riis
1130 1875 1163 1925 et
1185 1860 1295 1927 iisdem
1318 1860 1434 1934 modis,

486 1950 605 2047 q'uibus
620 1962 739 2026 dietum
757 1976 816 2042 est,
831 1966 879 2027 sui
895 1966 1150 2028 reformationem
1171 1976 1203 2027 et
1217 1985 1376 2027 accessum
1392 1962 1432 2025 ad

485 2065 590 2127 Deum
606 2064 823 2150 consequitur.
867 2068 930 2129 Per
944 2064 1000 2128 has
1014 2065 1115 2149 igitur
1129 2065 1244 2129 animoe
1257 2064 1323 2128 vias
1337 2062 1435 2128 artifi-

484 2164 584 2229 ciosas
614 2166 834 2253 percipiuntur
863 2168 1022 2230 universe}
1049 2167 1108 2231 n'ae
1136 2166 1279 2243 Domini,
1315 2166 1431 2232 scilicet

484 2266 697 2332 misericordia
710 2280 743 2333 et
755 2267 881 2333 veritas.
929 2270 981 2332 Ex
998 2268 1210 2334 misericordia
1225 2268 1275 2333 lex
1292 2268 1432 2345 Domini,

482 2367 514 2429 io
530 2390 595 2453 qua
609 2367 775 2433 ambulant
795 2368 879 2433 beati
901 2368 1106 2433 immaculati.
1151 2373 1189 2434 In
1204 2368 1275 2453 lege
1290 2391 1366 2432 vero
1381 2371 1431 2432 ris

483 2470 715 2550 mandatorum,
738 2471 790 2534 via
812 2469 1075 2550 testimoniorum,
1098 2467 1148 2532 ria
1165 2468 1429 2555 justificationum

481 2585 513 2635 et
530 2571 581 2634 via
599 2572 741 2635 veritatis
760 2570 903 2647 electiva,
918 2569 959 2634 de
979 2594 1045 2657 qua
1069 2570 1247 2635 Dominus:
1272 2574 1345 2656 Ego
1359 2594 1427 2635 sum

482 2673 544 2747 vin,
557 2674 674 2739 veritas
684 2687 716 2738 et
728 2674 804 2737 vitat
822 2672 871 2737 viu
882 2673 914 2736 in
926 2671 1082 2758 exemplo,
1093 2674 1208 2737 veritas
1218 2672 1250 2737 in
1263 2674 1428 2758 promisso,

480 2775 545 2839 vita
561 2779 592 2839 in
608 2776 754 2863 proemio,
772 2778 820 2839 vel
835 2776 886 2838 vio
900 2773 942 2838 ad
958 2797 1002 2847 se,
1018 2772 1136 2836 veritas
1147 2796 1187 2837 ex
1204 2797 1248 2852 se,
1263 2775 1328 2838 vita
1344 2774 1375 2838 in
1386 2798 1428 2837 se.

496 2967 577 3029 Scct.
594 2967 624 3030 3.
655 2966 766 3031 Tertio
780 2974 914 3048 septena
928 2966 968 3027 de
981 2972 1098 3044 septem
1104 2965 1264 3046 fenestris
1276 2966 1407 3027 animo.

523 3087 654 3149 Tuurm
685 3098 814 3169 septena
847 3093 965 3169 septem
1002 3082 1210 3143 fenestrarum
1245 3082 1360 3147 animas
1396 3083 1427 3147 in

478 3184 617 3247 humano
628 3186 734 3267 cupite
745 3183 874 3258 dicitur,
887 3204 945 3268 per
959 3202 1040 3267 quas
1050 3180 1082 3243 in
1092 3180 1269 3266 premissas
1281 3195 1428 3268 septenus

479 3306 566 3347 mens
581 3282 677 3346 animi
700 3282 880 3367 digreditur
897 3295 929 3345 et
946 3281 1146 3367 regreditur3
1170 3280 1359 3366 digreditur,
1374 3306 1429 3347 ex-

478 3384 593 3447 teriora
608 3405 747 3470 quaeque
764 3406 819 3469 per
835 3382 988 3447 rationem
1008 3383 1211 3456 discerneus;
1236 3382 1427 3467 regreditur,

477 3486 609 3551 interius
623 3485 678 3551 illa
692 3485 804 3549 auimae
816 3484 1016 3549 denuntians.
1062 3485 1144 3561 Quae
1156 3483 1181 3547 si
1197 3483 1282 3548 mala
1296 3483 1425 3560 luerint,

476 3588 616 3654 animum
634 3588 767 3668 tristem,
781 3587 806 3650 si
820 3588 913 3665 bona,
929 3584 1058 3649 hilarem
1072 3584 1223 3650 reddunt.
1270 3587 1322 3649 Ex
1335 3585 1428 3650 malis

476 3692 612 3777 propriis
622 3693 689 3757 sive
700 3690 809 3755 alienis
818 3689 921 3754 oritur
932 3689 1047 3772 passio,
1063 3710 1102 3751 ex
1114 3687 1225 3751 alienis
1235 3687 1425 3773 compassio:

476 3817 515 3857 ex
530 3794 619 3858 lionis
629 3794 943 3880 propriisperpussio,
952 3814 992 3854 ex
1003 3788 1251 3853 alienisinvidiar
1259 3788 1425 3852 detractio.

478 3897 509 3960 Si
526 3896 607 3961 enim
624 3896 748 3960 animus
769 3894 910 3960 adversis
929 3891 1098 3956 inclinatur
1116 3890 1157 3954 ad
1178 3890 1374 3965 moestitiam,
1388 3890 1425 3954 lit

475 3999 580 4087 passio
602 4020 675 4085 quae
699 3996 786 4062 laedit
808 3997 948 4059 animum
980 3993 1122 4072 interius,
1143 3990 1286 4075 affligens
1307 4012 1425 4075 corpus

473 4106 633 4168 exterius:
658 4104 684 4164 si
704 4114 811 4163 autem
833 4108 978 4159 moretur
998 4094 1122 4158 animus
1143 4116 1183 4157 ex
1208 4092 1369 4178 prosperis
1383 4092 1423 4155 ad

473 4206 627 4281 laetitiam,
642 4202 678 4267 fir
693 4198 864 4287 perpassio,
879 4196 912 4260 id
932 4210 980 4259 est
996 4196 1141 4282 quaedem
1166 4193 1312 4281 procula
1328 4194 1425 4279 passi.

472 4328 531 4369 nne
546 4300 723 4368 commotio.
770 4300 819 4361 De
835 4311 955 4382 septem
979 4318 1055 4359 vero
1068 4293 1216 4358 fenestris
1238 4292 1353 4358 enimse
1367 4316 1422 4359 seu

472 4406 625 4481 sensibus,
642 4404 697 4486 qui
713 4401 819 4485 vigent
844 4398 875 4461 in
899 4397 1014 4483 capite,
1039 4395 1204 4460 sciendum
1221 4408 1280 4470 est,
1298 4407 1420 4479 quanto
