<?xml version="1.0" encoding="UTF-8"?>
<!DOCTYPE html PUBLIC "-//W3C//DTD XHTML 1.0 Transitional//EN"
    "http://www.w3.org/TR/xhtml1/DTD/xhtml1-transitional.dtd">
<html xmlns="http://www.w3.org/1999/xhtml" xml:lang="en" lang="en">
 <head>
  <title>
</title>
<meta http-equiv="Content-Type" content="text/html;charset=utf-8" />
  <meta name='ocr-system' content='tesseract 3.04.00' />
  <meta name='ocr-capabilities' content='ocr_page ocr_carea ocr_par ocr_line ocrx_word'/>
</head>
<body>
  <div class='ocr_page' id='page_1' title='image "./joannissaresber13johngoog_0098.png"; bbox 0 0 3625 5317; ppageno 0'>
   <div class='ocr_carea' id='block_1_1' title="bbox 489 770 1442 851">
    <p class='ocr_par' dir='ltr' id='par_1_1' title="bbox 489 770 1442 851">
     <span class='ocr_line' id='line_1_1' title="bbox 489 770 1442 851; baseline -0.005 -10"><span class='ocrx_word' id='word_1_1' title='bbox 489 784 530 842; x_wconf 83' lang='lat'>86</span> <span class='ocrx_word' id='word_1_2' title='bbox 741 792 877 840; x_wconf 74' lang='lat' dir='ltr'>romnis</span> <span class='ocrx_word' id='word_1_3' title='bbox 891 790 1172 837; x_wconf 75' lang='lat' dir='ltr'>mmssrususrs</span> <span class='ocrx_word' id='word_1_4' title='bbox 1305 770 1390 851; x_wconf 81' lang='lat' dir='ltr'>[sm.</span> <span class='ocrx_word' id='word_1_5' title='bbox 1406 791 1442 837; x_wconf 87' lang='lat' dir='ltr'>rr.</span> 
     </span>
    </p>
   </div>
   <div class='ocr_carea' id='block_1_2' title="bbox 487 940 1444 3459">
    <p class='ocr_par' dir='ltr' id='par_1_2' title="bbox 487 940 1444 3459">
     <span class='ocr_line' id='line_1_2' title="bbox 492 940 1443 1031; baseline -0.003 -23"><span class='ocrx_word' id='word_1_6' title='bbox 492 944 564 1009; x_wconf 78' lang='lat' dir='ltr'>dem</span> <span class='ocrx_word' id='word_1_7' title='bbox 587 956 704 1022; x_wconf 83' lang='lat' dir='ltr'>autem,</span> <span class='ocrx_word' id='word_1_8' title='bbox 719 967 756 1008; x_wconf 86' lang='lat' dir='ltr'>eo</span> <span class='ocrx_word' id='word_1_9' title='bbox 779 942 864 1031; x_wconf 90' lang='lat' dir='ltr'>quod</span> <span class='ocrx_word' id='word_1_10' title='bbox 887 941 1029 1027; x_wconf 91' lang='lat' dir='ltr'>opinioni</span> <span class='ocrx_word' id='word_1_11' title='bbox 1051 940 1157 1005; x_wconf 88' lang='lat' dir='ltr'>minus</span> <span class='ocrx_word' id='word_1_12' title='bbox 1176 940 1348 1005; x_wconf 75' lang='lat' dir='ltr'>familisris</span> <span class='ocrx_word' id='word_1_13' title='bbox 1370 941 1443 1019; x_wconf 85' lang='lat' dir='ltr'>sint,</span> 
     </span>
     <span class='ocr_line' id='line_1_3' title="bbox 493 1039 1443 1130; baseline -0.004 -22"><span class='ocrx_word' id='word_1_14' title='bbox 493 1045 545 1108; x_wconf 83' lang='lat' dir='ltr'>rix</span> <span class='ocrx_word' id='word_1_15' title='bbox 561 1043 763 1109; x_wconf 76' lang='lat' dir='ltr'>ascribuntur</span> <span class='ocrx_word' id='word_1_16' title='bbox 777 1042 1009 1130; x_wconf 70' lang='lat' dir='ltr'>probabilibus.</span> <span class='ocrx_word' id='word_1_17' title='bbox 1053 1039 1218 1126; x_wconf 86' lang='lat' dir='ltr'>Siquidem</span> <span class='ocrx_word' id='word_1_18' title='bbox 1234 1039 1260 1104; x_wconf 88' lang='lat' dir='ltr'>si</span> <span class='ocrx_word' id='word_1_19' title='bbox 1274 1040 1384 1127; x_wconf 89' lang='lat' dir='ltr'>opinio</span> <span class='ocrx_word' id='word_1_20' title='bbox 1398 1052 1443 1104; x_wconf 83' lang='lat' dir='ltr'>te·</span> 
     </span>
     <span class='ocr_line' id='line_1_4' title="bbox 492 1142 1442 1229; baseline -0.002 -20"><span class='ocrx_word' id='word_1_21' title='bbox 492 1146 583 1219; x_wconf 83' lang='lat' dir='ltr'>nuis;</span> <span class='ocrx_word' id='word_1_22' title='bbox 609 1145 734 1229; x_wconf 89' lang='lat' dir='ltr'>judicio</span> <span class='ocrx_word' id='word_1_23' title='bbox 756 1144 883 1209; x_wconf 77' lang='lat' dir='ltr'>vacillat</span> <span class='ocrx_word' id='word_1_24' title='bbox 905 1144 1048 1208; x_wconf 85' lang='lat' dir='ltr'>incerto:</span> <span class='ocrx_word' id='word_1_25' title='bbox 1075 1142 1101 1207; x_wconf 88' lang='lat' dir='ltr'>si</span> <span class='ocrx_word' id='word_1_26' title='bbox 1125 1143 1306 1219; x_wconf 85' lang='lat' dir='ltr'>vehemens,</span> <span class='ocrx_word' id='word_1_27' title='bbox 1329 1142 1442 1207; x_wconf 75' lang='lat' dir='ltr'>transit</span> 
     </span>
     <span class='ocr_line' id='line_1_5' title="bbox 493 1244 1441 1335; baseline -0.002 -24"><span class='ocrx_word' id='word_1_28' title='bbox 493 1249 525 1312; x_wconf 91' lang='lat' dir='ltr'>in</span> <span class='ocrx_word' id='word_1_29' title='bbox 541 1246 648 1327; x_wconf 84' lang='lat' dir='ltr'>fidem,</span> <span class='ocrx_word' id='word_1_30' title='bbox 662 1260 695 1312; x_wconf 91' lang='lat' dir='ltr'>et</span> <span class='ocrx_word' id='word_1_31' title='bbox 717 1248 757 1312; x_wconf 85' lang='lat' dir='ltr'>nd</span> <span class='ocrx_word' id='word_1_32' title='bbox 775 1246 937 1335; x_wconf 88' lang='lat' dir='ltr'>judicium</span> <span class='ocrx_word' id='word_1_33' title='bbox 958 1256 1079 1311; x_wconf 82' lang='lat' dir='ltr'>certum</span> <span class='ocrx_word' id='word_1_34' title='bbox 1101 1244 1232 1332; x_wconf 83' lang='lat' dir='ltr'>sspirst.</span> <span class='ocrx_word' id='word_1_35' title='bbox 1278 1244 1312 1309; x_wconf 90' lang='lat' dir='ltr'>Si</span> <span class='ocrx_word' id='word_1_36' title='bbox 1334 1257 1441 1309; x_wconf 81' lang='lat' dir='ltr'>nutem</span> 
     </span>
     <span class='ocr_line' id='line_1_6' title="bbox 493 1344 1443 1433; baseline -0.004 -22"><span class='ocrx_word' id='word_1_37' title='bbox 493 1347 596 1412; x_wconf 79' lang='lat' dir='ltr'>adhuc</span> <span class='ocrx_word' id='word_1_38' title='bbox 612 1349 680 1433; x_wconf 87' lang='lat' dir='ltr'>ejus</span> <span class='ocrx_word' id='word_1_39' title='bbox 691 1346 890 1412; x_wconf 76' lang='lat' dir='ltr'>vehementia</span> <span class='ocrx_word' id='word_1_40' title='bbox 899 1345 1083 1424; x_wconf 70' lang='lat' dir='ltr'>invalescat,</span> <span class='ocrx_word' id='word_1_41' title='bbox 1093 1358 1130 1409; x_wconf 89' lang='lat' dir='ltr'>ut</span> <span class='ocrx_word' id='word_1_42' title='bbox 1140 1357 1197 1410; x_wconf 84' lang='lat' dir='ltr'>sut</span> <span class='ocrx_word' id='word_1_43' title='bbox 1209 1368 1272 1409; x_wconf 92' lang='lat' dir='ltr'>non</span> <span class='ocrx_word' id='word_1_44' title='bbox 1283 1344 1443 1432; x_wconf 85' lang='lat' dir='ltr'>protendi,</span> 
     </span>
     <span class='ocr_line' id='line_1_7' title="bbox 493 1445 1440 1536; baseline -0.004 -23"><span class='ocrx_word' id='word_1_45' title='bbox 493 1461 549 1513; x_wconf 83' lang='lat' dir='ltr'>sut</span> <span class='ocrx_word' id='word_1_46' title='bbox 579 1471 691 1536; x_wconf 79' lang='lat' dir='ltr'>perum</span> <span class='ocrx_word' id='word_1_47' title='bbox 722 1448 833 1535; x_wconf 77' lang='lat' dir='ltr'>possit,</span> <span class='ocrx_word' id='word_1_48' title='bbox 860 1447 933 1512; x_wconf 89' lang='lat' dir='ltr'>licet</span> <span class='ocrx_word' id='word_1_49' title='bbox 958 1445 1043 1511; x_wconf 80' lang='lat' dir='ltr'>infra</span> <span class='ocrx_word' id='word_1_50' title='bbox 1067 1446 1229 1511; x_wconf 78' lang='lat' dir='ltr'>scientium</span> <span class='ocrx_word' id='word_1_51' title='bbox 1255 1446 1309 1526; x_wconf 87' lang='lat' dir='ltr'>sit,</span> <span class='ocrx_word' id='word_1_52' title='bbox 1335 1459 1440 1511; x_wconf 85' lang='lat' dir='ltr'>tumen</span> 
     </span>
     <span class='ocr_line' id='line_1_8' title="bbox 493 1544 1440 1637; baseline -0.005 -23"><span class='ocrx_word' id='word_1_53' title='bbox 493 1550 642 1625; x_wconf 75' lang='lat' dir='ltr'>scientim,</span> <span class='ocrx_word' id='word_1_54' title='bbox 670 1549 757 1637; x_wconf 91' lang='lat' dir='ltr'>quod</span> <span class='ocrx_word' id='word_1_55' title='bbox 785 1548 825 1612; x_wconf 80' lang='lat' dir='ltr'>sd</span> <span class='ocrx_word' id='word_1_56' title='bbox 851 1548 1074 1614; x_wconf 81' lang='lat' dir='ltr'>certitudinem</span> <span class='ocrx_word' id='word_1_57' title='bbox 1096 1544 1224 1633; x_wconf 87' lang='lat' dir='ltr'>judicii,</span> <span class='ocrx_word' id='word_1_58' title='bbox 1244 1559 1440 1633; x_wconf 69' lang='lat' dir='ltr'>coaequetur.</span> 
     </span>
     <span class='ocr_line' id='line_1_9' title="bbox 495 1648 1441 1741; baseline -0.005 -24"><span class='ocrx_word' id='word_1_59' title='bbox 495 1652 587 1730; x_wconf 83' lang='lat' dir='ltr'>Quod</span> <span class='ocrx_word' id='word_1_60' title='bbox 611 1654 740 1741; x_wconf 84' lang='lat' dir='ltr'>quidem</span> <span class='ocrx_word' id='word_1_61' title='bbox 764 1651 868 1738; x_wconf 79' lang='lat' dir='ltr'>palem</span> <span class='ocrx_word' id='word_1_62' title='bbox 891 1662 952 1726; x_wconf 84' lang='lat' dir='ltr'>est,</span> <span class='ocrx_word' id='word_1_63' title='bbox 974 1662 1103 1715; x_wconf 78' lang='lat' dir='ltr'>auctore</span> <span class='ocrx_word' id='word_1_64' title='bbox 1127 1649 1311 1725; x_wconf 73' lang='lat' dir='ltr'>Aristotele,</span> <span class='ocrx_word' id='word_1_65' title='bbox 1326 1649 1359 1713; x_wconf 87' lang='lat' dir='ltr'>in</span> <span class='ocrx_word' id='word_1_66' title='bbox 1381 1648 1441 1722; x_wconf 76' lang='lat' dir='ltr'>his,</span> 
     </span>
     <span class='ocr_line' id='line_1_10' title="bbox 495 1749 1441 1840; baseline -0.005 -23"><span class='ocrx_word' id='word_1_67' title='bbox 495 1776 568 1840; x_wconf 76' lang='lat' dir='ltr'>qum</span> <span class='ocrx_word' id='word_1_68' title='bbox 584 1777 674 1819; x_wconf 86' lang='lat' dir='ltr'>sensu</span> <span class='ocrx_word' id='word_1_69' title='bbox 696 1754 763 1818; x_wconf 86' lang='lat' dir='ltr'>solo</span> <span class='ocrx_word' id='word_1_70' title='bbox 782 1764 1028 1838; x_wconf 73' lang='lat' dir='ltr'>cognoscuntur,</span> <span class='ocrx_word' id='word_1_71' title='bbox 1043 1763 1076 1813; x_wconf 86' lang='lat' dir='ltr'>et</span> <span class='ocrx_word' id='word_1_72' title='bbox 1097 1749 1190 1814; x_wconf 85' lang='lat' dir='ltr'>siiter</span> <span class='ocrx_word' id='word_1_73' title='bbox 1210 1772 1278 1814; x_wconf 87' lang='lat' dir='ltr'>esse</span> <span class='ocrx_word' id='word_1_74' title='bbox 1299 1761 1441 1835; x_wconf 82' lang='lat' dir='ltr'>possunt.</span> 
     </span>
     <span class='ocr_line' id='line_1_11' title="bbox 496 1851 1444 1940; baseline -0.002 -22"><span class='ocrx_word' id='word_1_75' title='bbox 496 1856 646 1939; x_wconf 82' lang='lat' dir='ltr'>Ignotum</span> <span class='ocrx_word' id='word_1_76' title='bbox 659 1855 740 1919; x_wconf 90' lang='lat' dir='ltr'>enim</span> <span class='ocrx_word' id='word_1_77' title='bbox 748 1855 821 1931; x_wconf 88' lang='lat' dir='ltr'>erit,</span> <span class='ocrx_word' id='word_1_78' title='bbox 833 1874 932 1940; x_wconf 88' lang='lat' dir='ltr'>quum</span> <span class='ocrx_word' id='word_1_79' title='bbox 943 1851 1095 1916; x_wconf 83' lang='lat' dir='ltr'>occiderit</span> <span class='ocrx_word' id='word_1_80' title='bbox 1102 1851 1200 1928; x_wconf 86' lang='lat' dir='ltr'>Soi,si</span> <span class='ocrx_word' id='word_1_81' title='bbox 1211 1851 1444 1916; x_wconf 79' lang='lat' dir='ltr'>ndhucferetnr</span> 
     </span>
     <span class='ocr_line' id='line_1_12' title="bbox 496 1951 1442 2042; baseline -0.004 -22"><span class='ocrx_word' id='word_1_82' title='bbox 496 1980 592 2042; x_wconf 87' lang='lat' dir='ltr'>super</span> <span class='ocrx_word' id='word_1_83' title='bbox 607 1972 735 2035; x_wconf 83' lang='lat' dir='ltr'>terrum,</span> <span class='ocrx_word' id='word_1_84' title='bbox 746 1980 785 2019; x_wconf 84' lang='lat' dir='ltr'>nn</span> <span class='ocrx_word' id='word_1_85' title='bbox 802 1957 834 2019; x_wconf 90' lang='lat' dir='ltr'>io</span> <span class='ocrx_word' id='word_1_86' title='bbox 851 1969 995 2020; x_wconf 85' lang='lat' dir='ltr'>nostrum</span> <span class='ocrx_word' id='word_1_87' title='bbox 1012 1953 1053 2017; x_wconf 88' lang='lat' dir='ltr'>sit</span> <span class='ocrx_word' id='word_1_88' title='bbox 1065 1951 1322 2039; x_wconf 65' lang='lat' dir='ltr'>hemisphaerium</span> <span class='ocrx_word' id='word_1_89' title='bbox 1337 1974 1442 2017; x_wconf 82' lang='lat' dir='ltr'>rerer·</span> 
     </span>
     <span class='ocr_line' id='line_1_13' title="bbox 496 2051 1444 2140; baseline -0.001 -23"><span class='ocrx_word' id='word_1_90' title='bbox 496 2077 605 2120; x_wconf 90' lang='lat' dir='ltr'>surus:</span> <span class='ocrx_word' id='word_1_91' title='bbox 629 2056 768 2139; x_wconf 87' lang='lat' dir='ltr'>eoquod</span> <span class='ocrx_word' id='word_1_92' title='bbox 786 2069 861 2119; x_wconf 90' lang='lat' dir='ltr'>tunc</span> <span class='ocrx_word' id='word_1_93' title='bbox 876 2067 976 2118; x_wconf 88' lang='lat' dir='ltr'>cesset</span> <span class='ocrx_word' id='word_1_94' title='bbox 991 2073 1112 2131; x_wconf 87' lang='lat' dir='ltr'>sensus,</span> <span class='ocrx_word' id='word_1_95' title='bbox 1127 2075 1185 2138; x_wconf 87' lang='lat' dir='ltr'>per</span> <span class='ocrx_word' id='word_1_96' title='bbox 1204 2075 1300 2140; x_wconf 87' lang='lat' dir='ltr'>quem</span> <span class='ocrx_word' id='word_1_97' title='bbox 1318 2051 1444 2116; x_wconf 77' lang='lat' dir='ltr'>lotionis</span> 
     </span>
     <span class='ocr_line' id='line_1_14' title="bbox 494 2153 1444 2240; baseline 0.001 -24"><span class='ocrx_word' id='word_1_98' title='bbox 494 2156 563 2240; x_wconf 90' lang='lat' dir='ltr'>ejus</span> <span class='ocrx_word' id='word_1_99' title='bbox 578 2156 756 2219; x_wconf 81' lang='lat' dir='ltr'>habebatur</span> <span class='ocrx_word' id='word_1_100' title='bbox 770 2155 909 2219; x_wconf 80' lang='lat' dir='ltr'>scientie.</span> <span class='ocrx_word' id='word_1_101' title='bbox 956 2155 1053 2219; x_wconf 84' lang='lat' dir='ltr'>Fides</span> <span class='ocrx_word' id='word_1_102' title='bbox 1068 2167 1173 2219; x_wconf 84' lang='lat' dir='ltr'>tomen</span> <span class='ocrx_word' id='word_1_103' title='bbox 1193 2153 1320 2218; x_wconf 83' lang='lat' dir='ltr'>lationis</span> <span class='ocrx_word' id='word_1_104' title='bbox 1339 2166 1374 2218; x_wconf 90' lang='lat' dir='ltr'>et</span> <span class='ocrx_word' id='word_1_105' title='bbox 1397 2176 1444 2218; x_wconf 87' lang='lat' dir='ltr'>re-</span> 
     </span>
     <span class='ocr_line' id='line_1_15' title="bbox 488 2253 1443 2341; baseline 0.001 -25"><span class='ocrx_word' id='word_1_106' title='bbox 488 2253 582 2318; x_wconf 51' lang='lat' dir='ltr'>¹ditus</span> <span class='ocrx_word' id='word_1_107' title='bbox 605 2268 694 2319; x_wconf 82' lang='lat' dir='ltr'>tenta</span> <span class='ocrx_word' id='word_1_108' title='bbox 716 2269 777 2331; x_wconf 87' lang='lat' dir='ltr'>est,</span> <span class='ocrx_word' id='word_1_109' title='bbox 800 2269 836 2319; x_wconf 92' lang='lat' dir='ltr'>ut</span> <span class='ocrx_word' id='word_1_110' title='bbox 858 2253 1059 2341; x_wconf 79' lang='lat' dir='ltr'>aliquetenus</span> <span class='ocrx_word' id='word_1_111' title='bbox 1082 2253 1227 2320; x_wconf 82' lang='lat' dir='ltr'>videntur</span> <span class='ocrx_word' id='word_1_112' title='bbox 1248 2254 1349 2340; x_wconf 83' lang='lat' dir='ltr'>aequis</span> <span class='ocrx_word' id='word_1_113' title='bbox 1370 2276 1443 2318; x_wconf 91' lang='lat' dir='ltr'>cum</span> 
     </span>
     <span class='ocr_line' id='line_1_16' title="bbox 494 2356 1440 2441; baseline 0.002 -22"><span class='ocrx_word' id='word_1_114' title='bbox 494 2356 625 2421; x_wconf 85' lang='lat' dir='ltr'>scientia</span> <span class='ocrx_word' id='word_1_115' title='bbox 639 2358 784 2441; x_wconf 85' lang='lat' dir='ltr'>passibus</span> <span class='ocrx_word' id='word_1_116' title='bbox 798 2357 970 2423; x_wconf 78' lang='lat' dir='ltr'>ambulare.</span> <span class='ocrx_word' id='word_1_117' title='bbox 1017 2358 1050 2421; x_wconf 90' lang='lat' dir='ltr'>Si</span> <span class='ocrx_word' id='word_1_118' title='bbox 1067 2380 1140 2422; x_wconf 81' lang='lat' dir='ltr'>vero</span> <span class='ocrx_word' id='word_1_119' title='bbox 1155 2380 1264 2422; x_wconf 86' lang='lat' dir='ltr'>sensus</span> <span class='ocrx_word' id='word_1_120' title='bbox 1279 2357 1440 2421; x_wconf 84' lang='lat' dir='ltr'>scientiam</span> 
     </span>
     <span class='ocr_line' id='line_1_17' title="bbox 493 2456 1443 2544; baseline 0.004 -27"><span class='ocrx_word' id='word_1_121' title='bbox 493 2456 577 2541; x_wconf 84' lang='lat' dir='ltr'>parit</span> <span class='ocrx_word' id='word_1_122' title='bbox 603 2457 681 2542; x_wconf 88' lang='lat' dir='ltr'>ejus,</span> <span class='ocrx_word' id='word_1_123' title='bbox 702 2458 789 2543; x_wconf 88' lang='lat' dir='ltr'>quod</span> <span class='ocrx_word' id='word_1_124' title='bbox 816 2457 908 2521; x_wconf 85' lang='lat' dir='ltr'>aliter</span> <span class='ocrx_word' id='word_1_125' title='bbox 934 2480 1000 2522; x_wconf 88' lang='lat' dir='ltr'>esse</span> <span class='ocrx_word' id='word_1_126' title='bbox 1026 2481 1089 2522; x_wconf 90' lang='lat' dir='ltr'>non</span> <span class='ocrx_word' id='word_1_127' title='bbox 1116 2471 1232 2543; x_wconf 82' lang='lat' dir='ltr'>potest,</span> <span class='ocrx_word' id='word_1_128' title='bbox 1254 2471 1291 2522; x_wconf 89' lang='lat' dir='ltr'>ut</span> <span class='ocrx_word' id='word_1_129' title='bbox 1317 2459 1343 2521; x_wconf 86' lang='lat' dir='ltr'>si</span> <span class='ocrx_word' id='word_1_130' title='bbox 1370 2461 1443 2544; x_wconf 90' lang='lat' dir='ltr'>quis</span> 
     </span>
     <span class='ocr_line' id='line_1_18' title="bbox 492 2554 1441 2644; baseline 0.003 -24"><span class='ocrx_word' id='word_1_131' title='bbox 492 2556 618 2634; x_wconf 86' lang='lat' dir='ltr'>lineam,</span> <span class='ocrx_word' id='word_1_132' title='bbox 644 2558 711 2623; x_wconf 86' lang='lat' dir='ltr'>visu</span> <span class='ocrx_word' id='word_1_133' title='bbox 734 2557 879 2637; x_wconf 88' lang='lat' dir='ltr'>docente,</span> <span class='ocrx_word' id='word_1_134' title='bbox 901 2554 1028 2643; x_wconf 79' lang='lat' dir='ltr'>longam</span> <span class='ocrx_word' id='word_1_135' title='bbox 1052 2561 1140 2635; x_wconf 81' lang='lat' dir='ltr'>sciet,</span> <span class='ocrx_word' id='word_1_136' title='bbox 1163 2572 1218 2626; x_wconf 83' lang='lat' dir='ltr'>aut</span> <span class='ocrx_word' id='word_1_137' title='bbox 1243 2559 1441 2644; x_wconf 87' lang='lat' dir='ltr'>superficiem</span> 
     </span>
     <span class='ocr_line' id='line_1_19' title="bbox 493 2658 1443 2747; baseline 0.004 -26"><span class='ocrx_word' id='word_1_138' title='bbox 493 2658 676 2739; x_wconf 79' lang='lat' dir='ltr'>coloratum,</span> <span class='ocrx_word' id='word_1_139' title='bbox 686 2675 826 2726; x_wconf 80' lang='lat' dir='ltr'>cessante</span> <span class='ocrx_word' id='word_1_140' title='bbox 837 2662 905 2725; x_wconf 84' lang='lat' dir='ltr'>visu</span> <span class='ocrx_word' id='word_1_141' title='bbox 916 2683 978 2725; x_wconf 93' lang='lat' dir='ltr'>non</span> <span class='ocrx_word' id='word_1_142' title='bbox 988 2664 1145 2728; x_wconf 74' lang='lat' dir='ltr'>evanescit</span> <span class='ocrx_word' id='word_1_143' title='bbox 1158 2662 1289 2747; x_wconf 86' lang='lat' dir='ltr'>quidem</span> <span class='ocrx_word' id='word_1_144' title='bbox 1300 2661 1443 2739; x_wconf 84' lang='lat' dir='ltr'>scientis,</span> 
     </span>
     <span class='ocr_line' id='line_1_20' title="bbox 492 2762 1440 2849; baseline 0.002 -25"><span class='ocrx_word' id='word_1_145' title='bbox 492 2785 530 2824; x_wconf 93' lang='lat' dir='ltr'>eo</span> <span class='ocrx_word' id='word_1_146' title='bbox 545 2762 632 2849; x_wconf 92' lang='lat' dir='ltr'>quod</span> <span class='ocrx_word' id='word_1_147' title='bbox 647 2787 711 2829; x_wconf 88' lang='lat' dir='ltr'>rem</span> <span class='ocrx_word' id='word_1_148' title='bbox 727 2765 773 2831; x_wconf 81' lang='lat' dir='ltr'>its</span> <span class='ocrx_word' id='word_1_149' title='bbox 788 2786 854 2828; x_wconf 88' lang='lat' dir='ltr'>esse</span> <span class='ocrx_word' id='word_1_150' title='bbox 869 2786 993 2828; x_wconf 88' lang='lat' dir='ltr'>necesse</span> <span class='ocrx_word' id='word_1_151' title='bbox 1007 2775 1063 2829; x_wconf 87' lang='lat' dir='ltr'>est.</span> <span class='ocrx_word' id='word_1_152' title='bbox 1108 2768 1197 2847; x_wconf 79' lang='lat' dir='ltr'>Ergo</span> <span class='ocrx_word' id='word_1_153' title='bbox 1212 2763 1299 2849; x_wconf 90' lang='lat' dir='ltr'>quod</span> <span class='ocrx_word' id='word_1_154' title='bbox 1314 2762 1440 2827; x_wconf 79' lang='lat' dir='ltr'>divisim</span> 
     </span>
     <span class='ocr_line' id='line_1_21' title="bbox 492 2862 1441 2952; baseline 0.004 -26"><span class='ocrx_word' id='word_1_155' title='bbox 492 2862 523 2927; x_wconf 90' lang='lat' dir='ltr'>in</span> <span class='ocrx_word' id='word_1_156' title='bbox 536 2867 694 2948; x_wconf 86' lang='lat' dir='ltr'>omnibus,</span> <span class='ocrx_word' id='word_1_157' title='bbox 705 2867 754 2931; x_wconf 84' lang='lat' dir='ltr'>vel</span> <span class='ocrx_word' id='word_1_158' title='bbox 766 2866 797 2931; x_wconf 90' lang='lat' dir='ltr'>in</span> <span class='ocrx_word' id='word_1_159' title='bbox 812 2865 960 2952; x_wconf 89' lang='lat' dir='ltr'>pluribus</span> <span class='ocrx_word' id='word_1_160' title='bbox 974 2867 1108 2952; x_wconf 81' lang='lat' dir='ltr'>alicujus</span> <span class='ocrx_word' id='word_1_161' title='bbox 1121 2866 1257 2949; x_wconf 77' lang='lat' dir='ltr'>generis,</span> <span class='ocrx_word' id='word_1_162' title='bbox 1269 2866 1441 2941; x_wconf 86' lang='lat' dir='ltr'>invenitur,</span> 
     </span>
     <span class='ocr_line' id='line_1_22' title="bbox 491 2967 1438 3036; baseline 0.002 -7"><span class='ocrx_word' id='word_1_163' title='bbox 491 2982 523 3030; x_wconf 85' lang='lat' dir='ltr'>et</span> <span class='ocrx_word' id='word_1_164' title='bbox 554 2970 773 3036; x_wconf 80' lang='lat' dir='ltr'>universaliter</span> <span class='ocrx_word' id='word_1_165' title='bbox 806 2968 838 3032; x_wconf 90' lang='lat' dir='ltr'>io</span> <span class='ocrx_word' id='word_1_166' title='bbox 867 2970 1014 3034; x_wconf 87' lang='lat' dir='ltr'>omnibus</span> <span class='ocrx_word' id='word_1_167' title='bbox 1042 2967 1248 3035; x_wconf 75' lang='lat' dir='ltr'>statuendum</span> <span class='ocrx_word' id='word_1_168' title='bbox 1278 2981 1345 3032; x_wconf 87' lang='lat' dir='ltr'>est:</span> <span class='ocrx_word' id='word_1_169' title='bbox 1384 2979 1438 3034; x_wconf 81' lang='lat' dir='ltr'>sut</span> 
     </span>
     <span class='ocr_line' id='line_1_23' title="bbox 491 3068 1441 3156; baseline -0.001 -25"><span class='ocrx_word' id='word_1_170' title='bbox 491 3068 623 3135; x_wconf 80' lang='lat' dir='ltr'>ferendo</span> <span class='ocrx_word' id='word_1_171' title='bbox 637 3071 787 3136; x_wconf 80' lang='lat' dir='ltr'>instantia</span> <span class='ocrx_word' id='word_1_172' title='bbox 801 3071 833 3133; x_wconf 90' lang='lat' dir='ltr'>in</span> <span class='ocrx_word' id='word_1_173' title='bbox 849 3094 913 3156; x_wconf 90' lang='lat' dir='ltr'>qno</span> <span class='ocrx_word' id='word_1_174' title='bbox 928 3092 991 3135; x_wconf 92' lang='lat' dir='ltr'>non</span> <span class='ocrx_word' id='word_1_175' title='bbox 1002 3070 1057 3135; x_wconf 89' lang='lat' dir='ltr'>sic.</span> <span class='ocrx_word' id='word_1_176' title='bbox 1096 3071 1155 3134; x_wconf 91' lang='lat' dir='ltr'>Est</span> <span class='ocrx_word' id='word_1_177' title='bbox 1168 3077 1275 3135; x_wconf 83' lang='lat' dir='ltr'>nutem</span> <span class='ocrx_word' id='word_1_178' title='bbox 1287 3069 1441 3134; x_wconf 71' lang='lat' dir='ltr'>instantis</span> 
     </span>
     <span class='ocr_line' id='line_1_24' title="bbox 493 3168 1440 3257; baseline 0.005 -26"><span class='ocrx_word' id='word_1_179' title='bbox 493 3168 639 3253; x_wconf 75' lang='lat' dir='ltr'>aiicujus,</span> <span class='ocrx_word' id='word_1_180' title='bbox 652 3171 724 3234; x_wconf 83' lang='lat' dir='ltr'>talis</span> <span class='ocrx_word' id='word_1_181' title='bbox 738 3170 832 3233; x_wconf 79' lang='lat' dir='ltr'>obvia</span> <span class='ocrx_word' id='word_1_182' title='bbox 848 3172 976 3255; x_wconf 86' lang='lat' dir='ltr'>positio,</span> <span class='ocrx_word' id='word_1_183' title='bbox 987 3171 1129 3237; x_wconf 70' lang='lat' dir='ltr'>collectae</span> <span class='ocrx_word' id='word_1_184' title='bbox 1143 3170 1344 3235; x_wconf 74' lang='lat' dir='ltr'>universitati</span> <span class='ocrx_word' id='word_1_185' title='bbox 1358 3191 1440 3257; x_wconf 76' lang='lat' dir='ltr'>prm-</span> 
     </span>
     <span class='ocr_line' id='line_1_25' title="bbox 487 3266 1440 3359; baseline 0.004 -28"><span class='ocrx_word' id='word_1_186' title='bbox 487 3266 646 3353; x_wconf 83' lang='lat' dir='ltr'>judicans.</span> <span class='ocrx_word' id='word_1_187' title='bbox 685 3270 823 3334; x_wconf 82' lang='lat' dir='ltr'>Scientia</span> <span class='ocrx_word' id='word_1_188' title='bbox 837 3271 947 3357; x_wconf 80' lang='lat' dir='ltr'>itaque</span> <span class='ocrx_word' id='word_1_189' title='bbox 960 3272 1174 3359; x_wconf 76' lang='lat' dir='ltr'>probabilium</span> <span class='ocrx_word' id='word_1_190' title='bbox 1189 3275 1329 3359; x_wconf 77' lang='lat' dir='ltr'>copioso,</span> <span class='ocrx_word' id='word_1_191' title='bbox 1344 3294 1440 3357; x_wconf 85' lang='lat' dir='ltr'>expe·</span> 
     </span>
     <span class='ocr_line' id='line_1_26' title="bbox 491 3368 1077 3459; baseline 0.01 -27"><span class='ocrx_word' id='word_1_192' title='bbox 491 3368 678 3435; x_wconf 82' lang='lat' dir='ltr'>ditissimam</span> <span class='ocrx_word' id='word_1_193' title='bbox 695 3370 737 3435; x_wconf 83' lang='lat' dir='ltr'>sd</span> <span class='ocrx_word' id='word_1_194' title='bbox 752 3374 859 3436; x_wconf 79' lang='lat' dir='ltr'>omnia</span> <span class='ocrx_word' id='word_1_195' title='bbox 874 3372 958 3437; x_wconf 82' lang='lat' dir='ltr'>riam</span> <span class='ocrx_word' id='word_1_196' title='bbox 973 3387 1077 3459; x_wconf 76' lang='lat' dir='ltr'>perat.</span> 
     </span>
    </p>
   </div>
   <div class='ocr_carea' id='block_1_3' title="bbox 551 3538 1384 3727">
    <p class='ocr_par' dir='ltr' id='par_1_3' title="bbox 551 3538 1384 3727">
     <span class='ocr_line' id='line_1_27' title="bbox 551 3538 1384 3627; baseline 0.007 -27"><span class='ocrx_word' id='word_1_197' title='bbox 551 3538 631 3623; x_wconf 89' lang='lat' dir='ltr'>Csp.</span> <span class='ocrx_word' id='word_1_198' title='bbox 650 3544 700 3604; x_wconf 79' lang='lat'>15.</span> <span class='ocrx_word' id='word_1_199' title='bbox 727 3542 811 3615; x_wconf 82' lang='lat' dir='ltr'>Quae</span> <span class='ocrx_word' id='word_1_200' title='bbox 822 3546 995 3626; x_wconf 76' lang='lat' dir='ltr'>propositio</span> <span class='ocrx_word' id='word_1_201' title='bbox 1008 3548 1053 3608; x_wconf 82' lang='lat' dir='ltr'>sit</span> <span class='ocrx_word' id='word_1_202' title='bbox 1067 3546 1246 3619; x_wconf 80' lang='lat' dir='ltr'>dialectico,</span> <span class='ocrx_word' id='word_1_203' title='bbox 1260 3544 1384 3627; x_wconf 76' lang='lat' dir='ltr'>etquid</span> 
     </span>
     <span class='ocr_line' id='line_1_28' title="bbox 879 3643 1047 3727; baseline 0.006 -22"><span class='ocrx_word' id='word_1_204' title='bbox 879 3643 1047 3727; x_wconf 71' lang='lat' dir='ltr'>problesna.</span> 
     </span>
    </p>
   </div>
   <div class='ocr_carea' id='block_1_4' title="bbox 488 3776 1440 4465">
    <p class='ocr_par' dir='ltr' id='par_1_4' title="bbox 488 3776 1440 4465">
     <span class='ocr_line' id='line_1_29' title="bbox 535 3776 1440 3865; baseline 0.003 -25"><span class='ocrx_word' id='word_1_205' title='bbox 535 3776 605 3841; x_wconf 75' lang='lat' dir='ltr'>Eur</span> <span class='ocrx_word' id='word_1_206' title='bbox 627 3790 734 3843; x_wconf 81' lang='lat' dir='ltr'>eutem</span> <span class='ocrx_word' id='word_1_207' title='bbox 757 3777 923 3843; x_wconf 80' lang='lat' dir='ltr'>dialectico</span> <span class='ocrx_word' id='word_1_208' title='bbox 944 3778 1127 3865; x_wconf 85' lang='lat' dir='ltr'>propositio,</span> <span class='ocrx_word' id='word_1_209' title='bbox 1143 3792 1254 3843; x_wconf 73' lang='lat' dir='ltr'>contra</span> <span class='ocrx_word' id='word_1_210' title='bbox 1275 3801 1372 3864; x_wconf 77' lang='lat' dir='ltr'>quum</span> <span class='ocrx_word' id='word_1_211' title='bbox 1395 3780 1440 3843; x_wconf 86' lang='lat' dir='ltr'>sic</span> 
     </span>
     <span class='ocr_line' id='line_1_30' title="bbox 490 3876 1438 3964; baseline 0.005 -23"><span class='ocrx_word' id='word_1_212' title='bbox 490 3880 522 3941; x_wconf 90' lang='lat' dir='ltr'>in</span> <span class='ocrx_word' id='word_1_213' title='bbox 545 3876 688 3964; x_wconf 87' lang='lat' dir='ltr'>pluribus</span> <span class='ocrx_word' id='word_1_214' title='bbox 710 3903 742 3944; x_wconf 88' lang='lat' dir='ltr'>se</span> <span class='ocrx_word' id='word_1_215' title='bbox 765 3879 946 3956; x_wconf 85' lang='lat' dir='ltr'>habentem,</span> <span class='ocrx_word' id='word_1_216' title='bbox 966 3903 1030 3946; x_wconf 92' lang='lat' dir='ltr'>non</span> <span class='ocrx_word' id='word_1_217' title='bbox 1051 3895 1100 3946; x_wconf 91' lang='lat' dir='ltr'>est</span> <span class='ocrx_word' id='word_1_218' title='bbox 1121 3881 1291 3948; x_wconf 79' lang='lat' dir='ltr'>instantis:</span> <span class='ocrx_word' id='word_1_219' title='bbox 1322 3880 1356 3945; x_wconf 92' lang='lat' dir='ltr'>id</span> <span class='ocrx_word' id='word_1_220' title='bbox 1378 3895 1438 3959; x_wconf 88' lang='lat' dir='ltr'>est,</span> 
     </span>
     <span class='ocr_line' id='line_1_31' title="bbox 489 3981 1440 4069; baseline 0.007 -28"><span class='ocrx_word' id='word_1_221' title='bbox 489 3992 713 4061; x_wconf 78' lang='lat' dir='ltr'>argumentum</span> <span class='ocrx_word' id='word_1_222' title='bbox 737 3981 776 4045; x_wconf 84' lang='lat' dir='ltr'>sd</span> <span class='ocrx_word' id='word_1_223' title='bbox 798 3981 996 4067; x_wconf 85' lang='lat' dir='ltr'>positionem.</span> <span class='ocrx_word' id='word_1_224' title='bbox 1041 3981 1104 4057; x_wconf 91' lang='lat' dir='ltr'>Qui</span> <span class='ocrx_word' id='word_1_225' title='bbox 1124 4004 1200 4048; x_wconf 85' lang='lat' dir='ltr'>vero</span> <span class='ocrx_word' id='word_1_226' title='bbox 1224 3983 1303 4048; x_wconf 83' lang='lat' dir='ltr'>tules</span> <span class='ocrx_word' id='word_1_227' title='bbox 1324 4006 1440 4069; x_wconf 81' lang='lat' dir='ltr'>propo-</span> 
     </span>
     <span class='ocr_line' id='line_1_32' title="bbox 490 4081 1439 4171; baseline 0.004 -26"><span class='ocrx_word' id='word_1_228' title='bbox 490 4081 617 4146; x_wconf 85' lang='lat' dir='ltr'>sitiones</span> <span class='ocrx_word' id='word_1_229' title='bbox 638 4104 704 4167; x_wconf 80' lang='lat' dir='ltr'>proe</span> <span class='ocrx_word' id='word_1_230' title='bbox 726 4095 831 4171; x_wconf 88' lang='lat' dir='ltr'>mente</span> <span class='ocrx_word' id='word_1_231' title='bbox 852 4081 960 4163; x_wconf 80' lang='lat' dir='ltr'>hebet,</span> <span class='ocrx_word' id='word_1_232' title='bbox 973 4083 1047 4148; x_wconf 89' lang='lat' dir='ltr'>etsi</span> <span class='ocrx_word' id='word_1_233' title='bbox 1068 4105 1140 4168; x_wconf 80' lang='lat' dir='ltr'>quae</span> <span class='ocrx_word' id='word_1_234' title='bbox 1155 4097 1228 4149; x_wconf 90' lang='lat' dir='ltr'>suut</span> <span class='ocrx_word' id='word_1_235' title='bbox 1244 4084 1439 4170; x_wconf 88' lang='lat' dir='ltr'>positionum</span> 
     </span>
     <span class='ocr_line' id='line_1_33' title="bbox 488 4184 1436 4269; baseline 0.001 -20"><span class='ocrx_word' id='word_1_236' title='bbox 488 4184 658 4265; x_wconf 65' lang='lat' dir='ltr'>instantiae,</span> <span class='ocrx_word' id='word_1_237' title='bbox 673 4184 705 4247; x_wconf 92' lang='lat' dir='ltr'>in</span> <span class='ocrx_word' id='word_1_238' title='bbox 721 4184 806 4247; x_wconf 89' lang='lat' dir='ltr'>omni</span> <span class='ocrx_word' id='word_1_239' title='bbox 826 4207 941 4269; x_wconf 75' lang='lat' dir='ltr'>genere</span> <span class='ocrx_word' id='word_1_240' title='bbox 955 4186 1222 4266; x_wconf 77' lang='lat' dir='ltr'>controversandi,</span> <span class='ocrx_word' id='word_1_241' title='bbox 1237 4190 1284 4251; x_wconf 81' lang='lat' dir='ltr'>od</span> <span class='ocrx_word' id='word_1_242' title='bbox 1302 4188 1436 4252; x_wconf 65' lang='lat' dir='ltr'>aunam</span> 
     </span>
     <span class='ocr_line' id='line_1_34' title="bbox 489 4283 1436 4375; baseline 0.002 -22"><span class='ocrx_word' id='word_1_243' title='bbox 489 4287 618 4375; x_wconf 89' lang='lat' dir='ltr'>quidem</span> <span class='ocrx_word' id='word_1_244' title='bbox 635 4283 780 4371; x_wconf 87' lang='lat' dir='ltr'>copiosus</span> <span class='ocrx_word' id='word_1_245' title='bbox 794 4288 865 4365; x_wconf 87' lang='lat' dir='ltr'>erit,</span> <span class='ocrx_word' id='word_1_246' title='bbox 879 4302 912 4353; x_wconf 91' lang='lat' dir='ltr'>et</span> <span class='ocrx_word' id='word_1_247' title='bbox 927 4288 1034 4364; x_wconf 81' lang='lat' dir='ltr'>etism,</span> <span class='ocrx_word' id='word_1_248' title='bbox 1050 4288 1076 4351; x_wconf 88' lang='lat' dir='ltr'>si</span> <span class='ocrx_word' id='word_1_249' title='bbox 1099 4288 1316 4373; x_wconf 84' lang='lat' dir='ltr'>philosophice</span> <span class='ocrx_word' id='word_1_250' title='bbox 1330 4312 1436 4355; x_wconf 89' lang='lat' dir='ltr'>secum</span> 
     </span>
     <span class='ocr_line' id='line_1_35' title="bbox 488 4385 1437 4465; baseline 0.002 -14"><span class='ocrx_word' id='word_1_251' title='bbox 488 4400 683 4465; x_wconf 83' lang='lat' dir='ltr'>exerceatur,</span> <span class='ocrx_word' id='word_1_252' title='bbox 707 4408 768 4451; x_wconf 89' lang='lat' dir='ltr'>non</span> <span class='ocrx_word' id='word_1_253' title='bbox 792 4387 914 4453; x_wconf 88' lang='lat' dir='ltr'>modice</span> <span class='ocrx_word' id='word_1_254' title='bbox 935 4385 1022 4453; x_wconf 83' lang='lat' dir='ltr'>felix.</span> <span class='ocrx_word' id='word_1_255' title='bbox 1067 4390 1184 4453; x_wconf 84' lang='lat' dir='ltr'>Potens</span> <span class='ocrx_word' id='word_1_256' title='bbox 1208 4390 1291 4453; x_wconf 86' lang='lat' dir='ltr'>onim</span> <span class='ocrx_word' id='word_1_257' title='bbox 1321 4404 1370 4455; x_wconf 89' lang='lat' dir='ltr'>est</span> <span class='ocrx_word' id='word_1_258' title='bbox 1395 4390 1437 4455; x_wconf 86' lang='lat' dir='ltr'>de</span> 
     </span>
    </p>
   </div>
   <div class='ocr_carea' id='block_1_5' title="bbox 0 0 1818 5317">
    <p class='ocr_par' dir='ltr' id='par_1_5' title="bbox 0 0 1818 5317">
     <span class='ocr_line' id='line_1_36' title="bbox 0 0 1818 5317; baseline 0 0"><span class='ocrx_word' id='word_1_259' title='bbox 0 0 1818 5317; x_wconf 95' lang='lat' dir='ltr'> </span> 
     </span>
    </p>
   </div>
  </div>
 </body>
</html>
