3625 5317
465 794 527 860 ln
701 808 837 857 soanrus
853 810 1132 857 sanasaeanansts
1274 795 1362 876 [aaa.
1378 813 1419 861 tv.

461 978 577 1030 natura
590 964 714 1051 optima
725 984 839 1051 parens
849 960 1005 1040 omnium,
1017 963 1182 1029 universos
1192 986 1303 1031 seuam
1315 965 1420 1033 locans

462 1068 495 1131 ia
514 1066 629 1154 eapite,
647 1066 735 1132 velut
756 1062 916 1152 quendam
941 1063 1094 1129 Senatum
1118 1064 1150 1129 in
1171 1065 1335 1151 Capitolio
1354 1067 1420 1132 ani·

461 1190 534 1244 nsae,
548 1166 701 1232 rationem
717 1164 810 1252 quasi
830 1162 992 1227 dominam
1012 1163 1044 1227 ia
1064 1187 1138 1229 arce
1158 1166 1274 1253 capitia
1288 1167 1417 1233 statuit:

460 1268 597 1333 mediam
612 1268 743 1355 quidem
760 1264 867 1331 sedeas
883 1265 1027 1331 tribuens
1040 1266 1123 1332 inter
1138 1266 1250 1333 cellam
1265 1269 1416 1355 phantas-

460 1372 554 1435 ticam
570 1382 603 1435 et
618 1369 813 1444 memoriam,
829 1380 866 1433 ut
889 1366 979 1433 velut
999 1382 1033 1433 et
1053 1369 1182 1455 specula
1204 1392 1369 1447 sensuum,
1384 1385 1416 1435 et

460 1471 735 1557 imaginationum,
764 1469 863 1556 possit
892 1469 1074 1533 examinare
1099 1471 1233 1556 judicia
1278 1472 1418 1539 Proinde

458 1572 604 1660 quidem,
634 1575 712 1659 quia
741 1574 809 1637 haec
838 1571 907 1659 ipsa
937 1573 996 1648 vis,
1025 1574 1086 1638 etsi
1113 1573 1224 1638 divina
1241 1574 1294 1651 ait,
1319 1578 1413 1661 quasi

458 1674 599 1762 quodam
610 1698 758 1742 sensuum
774 1692 807 1740 et
821 1673 1084 1759 imaginationum
1100 1676 1277 1741 ventilabro
1291 1679 1412 1743 excita·

460 1792 525 1862 tur,
540 1794 571 1845 et
587 1781 664 1866 quia
678 1778 850 1866 prudentia
869 1776 911 1842 ad
933 1777 1208 1863 investigationem
1233 1780 1313 1856 veri,
1329 1801 1417 1866 quas·

459 1882 503 1947 rit
526 1882 657 1949 rationis
679 1880 835 1944 sincerum
858 1900 1003 1956 examen,
1026 1893 1058 1943 et
1082 1880 1291 1965 philologiam
1316 1882 1415 1968 parit,

458 2004 556 2069 quam
577 1982 652 2047 duae
674 1981 872 2067 pedissequae
894 1981 1061 2068 periergia,
1076 1996 1108 2048 et
1122 1982 1276 2071 ἇγςυινῐι,
1286 1984 1413 2070 jugiter

460 2096 710 2170 prosequuntur.
771 2086 832 2147 Est
854 2096 961 2148 autem
990 2083 1148 2170 periergia
1175 2108 1251 2171 quse
1272 2084 1414 2151 laborem

458 2183 572 2250 circuit
588 2184 703 2271 operis,
719 2181 874 2269 dynasta,
890 2184 1025 2269 vigilans
1039 2185 1219 2271 diligentia,
1233 2210 1309 2272 quse
1323 2209 1414 2253 exer·

459 2286 569 2352 citium
587 2297 754 2372 temperat,
769 2307 809 2349 ae
824 2284 904 2371 quid
921 2286 1024 2351 nimis.
1069 2288 1169 2351 Amor
1183 2285 1268 2353 enim
1284 2288 1413 2353 ociosus

459 2410 521 2453 non
537 2400 595 2453 est.
630 2388 738 2454 Habet
749 2387 833 2451 enim
846 2401 1002 2452 terrenam
1018 2406 1051 2453 et
1059 2388 1225 2455 mortalem
1238 2390 1413 2476 philologia

457 2489 634 2576 originem:
659 2488 714 2553 sed
730 2510 831 2575 qaum
854 2489 895 2552 ad
911 2488 1021 2554 divina
1034 2490 1161 2569 tramit,
1175 2491 1413 2559 immortalitate

457 2591 597 2679 quadam
618 2590 796 2657 deificatur.
840 2589 929 2666 Quia
949 2614 1052 2678 quum
1075 2592 1259 2678 prudentia,
1273 2616 1349 2681 quas
1370 2593 1412 2659 da

344 2738 350 2749 ·
458 2694 592 2760 terrenis
606 2709 664 2774 est,
678 2705 712 2756 et
726 2691 857 2757 rationis
877 2713 977 2767 arnor,
992 2691 1035 2757 ad
1049 2692 1244 2779 incorruptas
1258 2693 1412 2771 veritatis,

455 2796 702 2884 divinorumque
723 2816 838 2860 areana
859 2794 1035 2879 consurgit,
1057 2798 1091 2859 ia
1113 2794 1301 2881 sapientiam
1324 2809 1410 2861 tran-

456 2900 552 2981 siens,
568 2898 806 2989 quodammodo
819 2921 839 2962 a
853 2899 1036 2963 mortalium
1055 2896 1237 2963 conditione
1251 2900 1409 2966 eximitur.

486 3091 564 3176 Cap.
585 3094 634 3154 18.
658 3094 710 3155 Da
724 3086 909 3171 diffareatio
924 3087 1073 3163 rationis,
1087 3094 1118 3151 et
1133 3088 1337 3152 intellectus:
1358 3097 1388 3155 at

783 3191 864 3270 qaid
876 3192 1071 3256 intellectae.

501 3324 576 3400 Qua
590 3344 666 3385 vero
680 3321 886 3409 proportione
900 3323 983 3388 ratio
998 3322 1194 3388 transcendit
1208 3344 1348 3404 ameum,
1361 3346 1410 3403 ea,

455 3424 539 3490 sicut
561 3424 654 3491 Plato
676 3424 707 3487 in
730 3422 847 3489 Politia
869 3437 981 3489 auctor
1001 3437 1062 3503 est,
1084 3424 1210 3491 excedit
1232 3425 1409 3491 intellectae

456 3527 622 3594 rationem.
669 3526 753 3590 Nam
782 3525 964 3592 intellectae
992 3528 1186 3614 assequitur,
1217 3527 1411 3614 quadratio

456 3629 646 3716 investigat:
674 3628 831 3716 siquidem
855 3628 887 3693 in
903 3628 1028 3695 labores
1049 3630 1183 3696 rationis
1198 3629 1297 3694 intrat
1316 3630 1410 3694 intel-

455 3731 568 3811 lectus,
591 3745 622 3796 et
644 3732 705 3797 aibi
728 3730 770 3796 ad
792 3731 977 3820 sapientiam
994 3731 1201 3812 thesaurizat,
1223 3730 1312 3818 quod
1327 3730 1410 3796 ratio

454 3854 636 3920 preparans
650 3833 835 3919 adquisivit.
861 3835 925 3899 Est
936 3834 1038 3918 igitur
1052 3832 1245 3914 intellectus,
1259 3854 1410 3921 suprema

454 3937 504 4001 vis
532 3932 707 4022 spiritualis
736 3948 874 4017 naturae,
900 3960 975 4024 quae
1005 3936 1145 4000 humana
1173 3937 1348 4016 continens,
1376 3946 1410 4001 et

451 4036 576 4102 divinas
605 4058 701 4123 penes
727 4060 761 4103 se
789 4059 900 4103 causas
930 4038 1027 4103 habet
1060 4041 1204 4103 omnium
1234 4037 1407 4113 rationum,

452 4138 640 4206 naturaliter
663 4138 724 4203 sibi
744 4139 1011 4227 perceptibiitam.
1060 4142 1142 4205 Sunt
1164 4138 1247 4203 enirn
1263 4159 1340 4224 quas
1353 4160 1409 4201 ex-

452 4255 588 4330 uperant
610 4263 735 4305 omnem
757 4264 895 4323 sensum,
920 4254 983 4308 tam
1000 4242 1178 4320 hominum,
1200 4262 1299 4328 quam
1313 4262 1408 4325 ange-

452 4345 569 4426 lorum,
590 4342 707 4409 divinae
729 4344 874 4409 rationes.
921 4345 965 4408 Et
984 4343 1147 4408 nonnulla·
1167 4343 1239 4408 aliis
1254 4342 1329 4430 plus
1351 4354 1407 4405 aut

452 4448 570 4525 minus,
587 4468 645 4531 pro
657 4443 773 4511 divlnae
786 4444 1030 4532 dispensationis
1039 4446 1180 4526 decreto,
1190 4448 1405 4510 innotescunt.
