3625 5317
496 800 559 858 sta
750 807 1189 856 marrmsaarsnaamusrs

495 965 658 1030 Walterns
665 963 830 1044 Tyrrellns
841 961 907 1040 ille,
920 961 1079 1046 quiregiae
1093 964 1183 1028 necis
1190 984 1266 1027 rens
1279 963 1457 1046 aplurimis

497 1067 602 1130 dictus
623 1075 683 1140 est,
698 1085 738 1126 eo
760 1063 847 1148 qnod
861 1064 909 1127 illi
931 1065 1096 1128 familiaris
1118 1076 1187 1128 erst
1207 1076 1241 1129 et
1254 1077 1333 1130 tnnc
1355 1069 1391 1131 in
1406 1070 1456 1130 in-

498 1167 614 1248 dagine
626 1165 761 1230 serarum
773 1165 911 1240 ricinus,
920 1165 1030 1228 eriere
1041 1163 1244 1244 singulariter
1253 1165 1459 1244 adherebat,

499 1269 595 1332 etism
611 1287 710 1351 quum
732 1279 841 1346 egeret
853 1267 887 1330 in
908 1267 1072 1342 extremis,
1086 1287 1121 1330 se
1140 1289 1160 1330 a
1174 1269 1265 1332 crede
1287 1269 1377 1333 illius
1395 1271 1458 1334 irn-

499 1389 627 1431 mnnem
653 1389 724 1430 esse
745 1367 893 1431 inrorato
914 1369 948 1430 in
969 1368 1110 1432 animam
1132 1391 1223 1432 suam
1246 1371 1311 1435 Dei
1328 1369 1458 1454 judicio

499 1478 692 1555 protestatus
713 1478 772 1532 cst.
817 1465 962 1532 Fuenrnt
982 1471 1123 1552 plurimi,
1143 1474 1201 1554 qni
1218 1472 1325 1555 ipsum
1346 1492 1461 1554 regem

496 1571 642 1657 jaculum
657 1592 721 1654 quo
735 1571 946 1654 interemptus
959 1583 1010 1634 est
1023 1573 1150 1636 misisse
1163 1584 1325 1650 asserunt;
1347 1585 1381 1636 et
1392 1573 1458 1637 boe

503 1674 666 1736 Walterus
695 1674 760 1750 ille,
788 1673 849 1735 etsi
886 1693 954 1736 non
993 1674 1176 1738 crederetur
1202 1677 1244 1750 ci,
1274 1686 1461 1739 constanter

503 1777 677 1839 asserebat.
727 1775 773 1837 Et
800 1775 945 1856 prolecto
974 1776 1122 1860 quisquis
1148 1776 1212 1839 boc
1240 1777 1364 1854 fecerit,
1395 1776 1462 1844 Dei

505 1876 665 1940 Ecclesiae
679 1896 745 1938 sure
761 1877 999 1940 calamitatibus
1012 1877 1239 1962 compatientis
1253 1877 1462 1964 dispositioni

502 1975 641 2040 fideliter
654 1975 807 2042 obedivit.

552 2079 650 2142 Primi
672 2079 802 2166 quidem
818 2079 962 2142 omnium
977 2078 1018 2142 ad
1039 2081 1163 2164 patrem
1178 2083 1239 2146 sub
1264 2083 1352 2144 omui
1375 2083 1459 2144 cele-

507 2181 598 2246 ritate
628 2180 787 2256 ¹monachi
818 2179 1066 2244 Cantuarienses
1093 2193 1276 2244 occurrunt.
1332 2177 1464 2244 Deinde

509 2301 693 2362 magnorum
719 2282 855 2344 virorum
880 2282 993 2345 nuncii
1015 2283 1206 2346 seinvicem
1228 2283 1465 2366 prevenientes

511 2382 605 2442 totius
633 2382 746 2442 insulse
780 2379 985 2444 devotionem
1013 2395 1192 2465 exponunt
1247 2381 1294 2446 Et
1330 2383 1465 2466 insuper

510 2480 643 2543 illustris
654 2499 710 2541 rea
722 2480 896 2560 Anglorum
910 2481 1085 2554 Bantinos,
1094 2483 1148 2564 qui
1158 2482 1244 2548 fratri
1255 2492 1468 2559 successerat,

512 2581 654 2645 revocati
674 2601 694 2646 a
714 2601 749 2644 se
770 2577 1005 2663 archiepiscopi
1026 2582 1164 2646 reditum
1185 2583 1325 2648 fideliter
1350 2605 1467 2667 procu-

514 2686 602 2748 rarit.
648 2683 690 2747 Sc
711 2693 744 2746 et
759 2681 868 2746 omniu
890 2681 980 2764 regni
999 2685 1130 2765 negotia
1152 2705 1196 2752 ex
1218 2687 1305 2749 illius
1326 2686 1466 2750 consilio

515 2785 655 2872 pendere
683 2786 862 2870 pollicetur.
915 2784 1048 2848 Studuit
1072 2785 1157 2849 enirn
1187 2787 1272 2850 inter
1298 2771 1390 2870 regui
1415 2786 1466 2851 sui

516 2889 661 2972 auspicia
674 2887 749 2971 pius
763 2897 795 2950 et
809 2895 994 2950 mansuetus
1007 2886 1129 2965 baberi,
1144 2909 1202 2970 pro
1217 2910 1306 2954 more
1325 2899 1465 2973 potesta·

517 3002 597 3066 tum,
611 3007 683 3071 quae
699 2988 802 3052 donec
823 2986 969 3051 solidator
989 2987 1064 3064 sint,
1079 3001 1315 3054 mansuescunt
1359 2989 1465 3072 Siqui-

519 3091 591 3154 dem
617 3089 785 3154 mitissima
811 3109 880 3152 sors
906 3101 956 3150 est
980 3108 1149 3169 regnorum
1178 3092 1238 3154 sub
1266 3110 1344 3171 rege
1373 3111 1466 3154 noco.

521 3191 679 3254 Ceterum
695 3210 793 3272 quum
808 3189 875 3270 regi
890 3209 976 3252 noro
991 3188 1077 3270 apud
1097 3176 1324 3268 saresberiam,
1339 3189 1420 3274 qnid
1435 3189 1470 3254 in

520 3291 667 3352 Romano
683 3288 822 3350 concilio
847 3301 971 3370 gestum
996 3290 1048 3366 sit,
1062 3291 1284 3373 exposuisset3
1313 3311 1390 3372 rege
1405 3300 1470 3354 tur·

520 3392 595 3452 bato
611 3389 718 3452 omnis
732 3389 764 3451 in
781 3392 974 3456 contrarium
990 3411 1081 3455 versa
1093 3403 1175 3458 sunt
1221 3393 1309 3464 Quot
1323 3393 1419 3473 igitur
1437 3401 1470 3455 et

523 3499 644 3574 quantu
657 3509 715 3574 pro
729 3489 876 3552 libertate
888 3492 1094 3556 ecclesiarum
1109 3494 1237 3558 duobus
1247 3495 1341 3558 annis
1355 3513 1474 3576 passus

524 3603 582 3670 est,
596 3591 723 3676 longius
740 3599 789 3656 est
811 3611 965 3655 enarrare.
1009 3593 1118 3666 Quum
1134 3615 1207 3658 rero
1228 3615 1286 3660 rex
1309 3596 1472 3658 Henricus

524 3691 646 3755 rideret
669 3694 811 3756 Anselmi
837 3694 1050 3758 constantiam
1074 3693 1246 3766 invictams
1284 3696 1410 3776 rogarit
1438 3705 1473 3760 ut

526 3815 598 3858 cum
613 3794 741 3858 nuuciis
755 3796 820 3858 suis
844 3795 981 3858 Romam
996 3795 1066 3872 iret,
1081 3807 1113 3860 et
1134 3797 1229 3878 regiae
1253 3797 1422 3879 dignitatis
1440 3800 1473 3862 io

526 3896 642 3979 Anglia
656 3896 740 3960 laesae
755 3905 940 3978 procuraret
954 3893 1120 3958 medelam.
1165 3897 1316 3962 Universi
1326 3898 1472 3981 episcopi

527 3999 662 4082 Angliae,
677 3999 819 4075 abbates,
839 4006 871 4060 et
885 4017 1045 4079 proceres,
1058 3999 1239 4064 acclamant
1252 3997 1341 4062 istud
1354 3997 1424 4079 regi
1438 3998 1477 4061 de

521 4103 594 4188 jure
624 4100 736 4183 negari
760 4119 826 4162 non
853 4119 966 4179 posse:
1004 4099 1047 4162 ad
1071 4099 1141 4163 hec
1172 4101 1279 4184 inquit
1308 4101 1477 4164 Anselmor

529 4203 811 4284 archiepiscopus:
841 4199 861 4230 “
872 4199 933 4260 Ibo
955 4199 1084 4283 quidem
1107 4201 1257 4285 quoniam
1278 4202 1392 4272 cultis3
1422 4200 1476 4264 sed

531 4305 680 4368 Ecclesia
706 4302 770 4366 Dei
791 4301 937 4363 Romana
958 4302 1038 4365 uihil
1061 4304 1195 4366 consilio
1219 4325 1291 4366 meo
1312 4303 1363 4366 rel
1385 4325 1478 4387 prere

531 4407 635 4484 lacict,
647 4403 733 4488 quod
745 4400 951 4466 ecclesiarum
963 4403 1152 4486 praejudicet
1162 4405 1315 4489 libertati,
1326 4416 1382 4470 aut
1395 4402 1478 4473 sedis
