3625 5317
438 712 458 772 8
828 724 1005 771 rnosoaos.

440 889 578 953 aetatem,
598 877 714 963 scripta
736 899 806 941 mea
826 898 1027 962 nequaquam
1050 873 1209 950 roderent,
1230 872 1311 937 sicut
1334 894 1391 934 nec

439 998 500 1060 ego
511 974 638 1039 illorum
652 975 768 1061 scripta
778 974 947 1060 redarguo.
975 972 1061 1036 Mihi
1074 985 1177 1036 tamen
1192 992 1251 1057 pro
1261 968 1392 1033 minimo

438 1089 498 1156 est,
524 1089 560 1141 ut
586 1074 724 1141 scribens
746 1077 787 1142 ab
813 1075 876 1141 illis
894 1074 1033 1162 judicer,
1057 1073 1113 1160 qui
1138 1071 1245 1158 magni
1273 1070 1393 1134 faciunt

438 1180 619 1257 mimorum,
630 1179 884 1263 histrionumque
888 1175 1024 1264 judicia,
1038 1190 1070 1240 et
1086 1175 1173 1239 velut
1189 1175 1271 1238 servi
1286 1174 1389 1260 abjec-

439 1280 563 1356 tissimi,
574 1293 800 1363 expavescunt,
813 1302 852 1342 ne
867 1278 906 1341 de
922 1276 961 1341 iis
976 1298 1141 1362 perperam
1157 1276 1319 1361 loquatur,
1332 1285 1390 1338 aut

438 1380 554 1444 sentiat
571 1377 682 1454 Thais,
698 1391 755 1443 aut
777 1377 912 1449 Thraso,
930 1374 1120 1452 Callirrhoe,
1135 1387 1192 1439 aut
1208 1373 1389 1459 Bathyllus.

437 1483 538 1545 Porro
554 1481 578 1545 si
595 1479 808 1566 Philosophiae
824 1476 1015 1565 professores
1029 1489 1268 1564 persequuntur
1282 1475 1390 1541 Philo·

437 1581 639 1667 sophantium
657 1593 840 1655 amatorem,
855 1578 948 1666 plane
963 1578 1106 1665 injuriosi
1122 1590 1208 1654 sunt,
1223 1591 1255 1642 et
1270 1578 1302 1641 in
1318 1599 1388 1640 eam

436 1686 517 1749 male
532 1698 733 1751 remunerant
753 1684 927 1749 caritatem.
973 1686 1040 1747 Eos
1059 1682 1142 1746 enim
1158 1682 1216 1746 etsi
1233 1704 1386 1768 nequeam

435 1785 564 1860 imitari,
587 1800 673 1851 certe
696 1808 812 1859 amare,
836 1783 1002 1859 honorare,
1018 1795 1051 1846 et
1065 1783 1167 1847 colere
1188 1782 1387 1868 propositum

435 1900 493 1951 est.
540 1886 737 1949 Soholarium
760 1908 836 1947 vero
850 1884 1022 1947 debueram
1045 1884 1197 1947 meruisse
1223 1884 1385 1947 savorem:

435 2010 517 2074 quos
532 2000 589 2049 aut
603 1985 691 2071 quod
713 1998 799 2063 sunt,
814 1996 870 2048 aut
886 1984 975 2068 quod
994 1984 1138 2062 fuerunt,
1153 1984 1242 2071 quali
1257 2006 1386 2070 possum

434 2089 641 2153 advocatione
651 2085 799 2152 defendo.
845 2084 981 2159 Quodsi
998 2086 1121 2151 utiliter
1133 2110 1271 2171 gessero,
1281 2088 1386 2172 gratia

434 2204 466 2255 et
478 2214 596 2255 merces
605 2190 742 2256 debetur
751 2188 894 2253 eventui:
910 2187 956 2251 sin
969 2200 1077 2252 autem
1088 2189 1205 2266 minus,
1216 2187 1384 2253 voluntati.

436 2288 522 2355 Hinc
537 2302 584 2355 est
599 2288 701 2353 illud:

573 2408 660 2475 Egisti
673 2406 747 2471 nihil,
760 2408 852 2476 inquis,
866 2414 893 2461 et
904 2425 921 2460 a
933 2414 960 2461 te
970 2409 1073 2480 perdita
1083 2426 1162 2462 causa
1173 2414 1228 2461 est:

607 2489 694 2542 Tanto
706 2490 764 2562 plus
776 2490 865 2555 debes,
878 2490 970 2555 Sexte,
983 2491 1052 2559 quod
1064 2492 1164 2545 erubui.

435 2593 550 2675 Neque
572 2589 654 2655 enim
671 2613 690 2652 a
712 2590 932 2678 patrocinandi
954 2590 1057 2656 officio
1072 2592 1209 2657 excludo
1233 2594 1383 2678 potiores,

432 2691 456 2753 si
475 2712 553 2755 mesa
569 2691 747 2754 devotionis
762 2704 922 2777 protestor
936 2693 1098 2757 affectum.
1142 2695 1385 2761 Praestantiores

430 2812 608 2876 supremam
620 2814 747 2857 manum
755 2794 1014 2879 apponant,etad
1024 2794 1210 2859 sententiam
1220 2796 1383 2862 serendam

430 2916 489 2977 pro
520 2892 641 2978 logicis,
672 2893 799 2957 Judicis
829 2893 980 2958 inclinent
1010 2894 1159 2959 officium.
1216 2896 1380 2981 Siquidem

430 3014 530 3079 quum
546 3017 642 3080 opera
657 2994 833 3079 logicorum
848 2994 1077 3075 vehementius,
1087 3009 1237 3082 tanquam
1250 2995 1384 3079 inutilis,

427 3093 607 3157 rideretur:
632 3107 663 3155 et
679 3116 728 3157 me
744 3093 973 3179 indignantem,
988 3109 1020 3160 et
1035 3097 1234 3175 renitentem,
1247 3100 1382 3165 aemulus

428 3190 625 3277 quotidianis
641 3191 707 3256 fere
718 3191 836 3277 jurgiis
858 3206 1053 3274 provocaret,
1069 3196 1194 3260 tandem
1216 3197 1303 3262 litem
1324 3220 1382 3263 ex·

428 3292 511 3379 cepi,
537 3306 569 3358 et
592 3292 632 3357 ad
655 3316 707 3358 eas
729 3293 913 3375 calumnias,
937 3320 1018 3382 quas
1040 3314 1275 3383 procuraverat,
1299 3302 1380 3367 sicut

427 3396 631 3479 emergebant
647 3394 757 3459 studui
773 3395 972 3481 respondere.
1017 3398 1114 3463 Unde
1133 3400 1328 3483 factumest,
1344 3413 1381 3467 ut

427 3498 517 3562 illum
541 3498 683 3562 ordinem
708 3497 795 3583 sequi
817 3499 1008 3582 oportuerit,
1031 3524 1105 3585 quo.
1119 3502 1171 3565 ille
1188 3506 1333 3589 urgebat,
1347 3520 1380 3570 et

427 3598 618 3684 plerumque
641 3600 773 3663 sileres
796 3600 985 3684 potioribus,
1002 3600 1080 3665 dum
1103 3602 1303 3668 diluerentur
1324 3608 1381 3670 ob-

421 3702 520 3787 jecta.
567 3702 641 3781 Ipse
662 3700 742 3765 enim
764 3702 969 3787 procurabat,
984 3726 1080 3789 super
1097 3706 1218 3791 quibus
1236 3707 1380 3773 articulis

427 3802 520 3867 vellet
535 3802 707 3866 orationem
725 3800 905 3887 procedere.
950 3804 1077 3871 Placuit
1093 3806 1202 3893 itaque
1222 3809 1324 3885 sociis,
1341 3824 1376 3874 ut

424 3905 485 3969 hoc
500 3904 605 3989 ipsum
622 3902 834 3968 tumultuario
849 3926 992 3969 sermone
1007 3906 1179 3973 dictarem:
1203 3932 1304 3994 quum
1321 3934 1378 3976 nec

425 4007 465 4070 ad
483 4004 653 4069 sententias
669 4004 828 4069 subtiliter
843 4006 1079 4083 examinandas,
1090 4034 1147 4076 nec
1158 4011 1199 4075 ad
1212 4013 1310 4078 verba
1324 4036 1378 4077 sx-

423 4103 582 4192 polienda‚
598 4102 739 4168 studium
757 4116 945 4189 superesset,
962 4120 1019 4173 aut
1035 4110 1151 4175 ocium.
1182 4114 1377 4178 Necessariis

423 4209 505 4271 enim
522 4204 785 4291 occupationibus
798 4206 852 4271 vix
862 4207 985 4293 aliquid
997 4211 1133 4297 amplius
1144 4213 1376 4290 deducebatur,

424 4333 519 4393 quam
537 4306 716 4375 refectionis
732 4305 819 4383 hora,
838 4308 887 4372 vel
904 4310 1035 4375 somnii:
1053 4336 1153 4397 quum
1170 4338 1209 4379 ex
1226 4315 1376 4379 mandato
