<?xml version="1.0" encoding="UTF-8"?>
<!DOCTYPE html PUBLIC "-//W3C//DTD XHTML 1.0 Transitional//EN"
    "http://www.w3.org/TR/xhtml1/DTD/xhtml1-transitional.dtd">
<html xmlns="http://www.w3.org/1999/xhtml" xml:lang="en" lang="en">
 <head>
  <title>
</title>
<meta http-equiv="Content-Type" content="text/html;charset=utf-8" />
  <meta name='ocr-system' content='tesseract 3.04.00' />
  <meta name='ocr-capabilities' content='ocr_page ocr_carea ocr_par ocr_line ocrx_word'/>
</head>
<body>
  <div class='ocr_page' id='page_1' title='image "./joannissaresber13johngoog_0387.png"; bbox 0 0 3625 5317; ppageno 0'>
   <div class='ocr_carea' id='block_1_1' title="bbox 692 731 1396 798">
    <p class='ocr_par' dir='ltr' id='par_1_1' title="bbox 692 731 1396 798">
     <span class='ocr_line' id='line_1_1' title="bbox 692 731 1396 798; baseline -0.006 0"><span class='ocrx_word' id='word_1_1' title='bbox 692 753 769 798; x_wconf 78' lang='lat' dir='ltr'>viru</span> <span class='ocrx_word' id='word_1_2' title='bbox 785 751 903 798; x_wconf 76' lang='lat' dir='ltr'>ssucrr</span> <span class='ocrx_word' id='word_1_3' title='bbox 919 751 1047 798; x_wconf 75' lang='lat' dir='ltr'>saorra</span> <span class='ocrx_word' id='word_1_4' title='bbox 1064 751 1160 796; x_wconf 77' lang='lat' dir='ltr'>cunr.</span> <span class='ocrx_word' id='word_1_5' title='bbox 1332 731 1396 794; x_wconf 72' lang='lat'>875</span> 
     </span>
    </p>
   </div>
   <div class='ocr_carea' id='block_1_2' title="bbox 402 898 1391 4311">
    <p class='ocr_par' dir='ltr' id='par_1_2' title="bbox 402 898 1391 4311">
     <span class='ocr_line' id='line_1_2' title="bbox 437 898 1391 990; baseline -0.004 -20"><span class='ocrx_word' id='word_1_6' title='bbox 437 926 614 990; x_wconf 87' lang='lat' dir='ltr'>pauperum</span> <span class='ocrx_word' id='word_1_7' title='bbox 645 915 676 969; x_wconf 91' lang='lat' dir='ltr'>et</span> <span class='ocrx_word' id='word_1_8' title='bbox 706 906 907 970; x_wconf 88' lang='lat' dir='ltr'>moerentium</span> <span class='ocrx_word' id='word_1_9' title='bbox 938 906 1128 969; x_wconf 79' lang='lat' dir='ltr'>consolator.</span> <span class='ocrx_word' id='word_1_10' title='bbox 1185 898 1309 965; x_wconf 90' lang='lat' dir='ltr'>Viderit</span> <span class='ocrx_word' id='word_1_11' title='bbox 1337 902 1391 986; x_wconf 92' lang='lat' dir='ltr'>qui</span> 
     </span>
     <span class='ocr_line' id='line_1_3' title="bbox 436 1005 1389 1092; baseline -0.003 -24"><span class='ocrx_word' id='word_1_12' title='bbox 436 1007 572 1070; x_wconf 87' lang='lat' dir='ltr'>voluerit</span> <span class='ocrx_word' id='word_1_13' title='bbox 586 1007 658 1090; x_wconf 89' lang='lat' dir='ltr'>quis</span> <span class='ocrx_word' id='word_1_14' title='bbox 673 1009 832 1090; x_wconf 78' lang='lat' dir='ltr'>eregione</span> <span class='ocrx_word' id='word_1_15' title='bbox 848 1005 1011 1092; x_wconf 86' lang='lat' dir='ltr'>procedat.</span> <span class='ocrx_word' id='word_1_16' title='bbox 1057 1006 1113 1081; x_wconf 87' lang='lat' dir='ltr'>Et,</span> <span class='ocrx_word' id='word_1_17' title='bbox 1128 1005 1154 1068; x_wconf 94' lang='lat' dir='ltr'>si</span> <span class='ocrx_word' id='word_1_18' title='bbox 1165 1024 1263 1068; x_wconf 85' lang='lat' dir='ltr'>causa</span> <span class='ocrx_word' id='word_1_19' title='bbox 1274 1015 1389 1086; x_wconf 88' lang='lat' dir='ltr'>marty·</span> 
     </span>
     <span class='ocr_line' id='line_1_4' title="bbox 435 1104 1390 1192; baseline -0.002 -22"><span class='ocrx_word' id='word_1_20' title='bbox 435 1129 501 1170; x_wconf 91' lang='lat' dir='ltr'>rem</span> <span class='ocrx_word' id='word_1_21' title='bbox 528 1108 616 1185; x_wconf 85' lang='lat' dir='ltr'>facit,</span> <span class='ocrx_word' id='word_1_22' title='bbox 642 1109 730 1192; x_wconf 92' lang='lat' dir='ltr'>quod</span> <span class='ocrx_word' id='word_1_23' title='bbox 753 1110 832 1172; x_wconf 92' lang='lat' dir='ltr'>nulli</span> <span class='ocrx_word' id='word_1_24' title='bbox 858 1120 979 1172; x_wconf 90' lang='lat' dir='ltr'>rectum</span> <span class='ocrx_word' id='word_1_25' title='bbox 1004 1106 1142 1191; x_wconf 80' lang='lat' dir='ltr'>sapienti</span> <span class='ocrx_word' id='word_1_26' title='bbox 1168 1105 1307 1169; x_wconf 79' lang='lat' dir='ltr'>venitin</span> <span class='ocrx_word' id='word_1_27' title='bbox 1330 1104 1390 1168; x_wconf 92' lang='lat' dir='ltr'>du·</span> 
     </span>
     <span class='ocr_line' id='line_1_5' title="bbox 434 1204 1388 1293; baseline -0.004 -21"><span class='ocrx_word' id='word_1_28' title='bbox 434 1210 536 1286; x_wconf 88' lang='lat' dir='ltr'>bium,</span> <span class='ocrx_word' id='word_1_29' title='bbox 565 1208 644 1293; x_wconf 90' lang='lat' dir='ltr'>quid</span> <span class='ocrx_word' id='word_1_30' title='bbox 665 1209 795 1293; x_wconf 89' lang='lat' dir='ltr'>justius,</span> <span class='ocrx_word' id='word_1_31' title='bbox 818 1208 898 1292; x_wconf 88' lang='lat' dir='ltr'>quid</span> <span class='ocrx_word' id='word_1_32' title='bbox 920 1208 1064 1271; x_wconf 86' lang='lat' dir='ltr'>sanctius</span> <span class='ocrx_word' id='word_1_33' title='bbox 1093 1229 1190 1271; x_wconf 89' lang='lat' dir='ltr'>causa</span> <span class='ocrx_word' id='word_1_34' title='bbox 1210 1205 1301 1290; x_wconf 84' lang='lat' dir='ltr'>ejus?</span> <span class='ocrx_word' id='word_1_35' title='bbox 1332 1204 1388 1290; x_wconf 91' lang='lat' dir='ltr'>qui</span> 
     </span>
     <span class='ocr_line' id='line_1_6' title="bbox 435 1308 1387 1394; baseline -0.003 -22"><span class='ocrx_word' id='word_1_36' title='bbox 435 1329 513 1394; x_wconf 88' lang='lat' dir='ltr'>opes</span> <span class='ocrx_word' id='word_1_37' title='bbox 528 1321 561 1372; x_wconf 92' lang='lat' dir='ltr'>et</span> <span class='ocrx_word' id='word_1_38' title='bbox 575 1330 704 1384; x_wconf 85' lang='lat' dir='ltr'>omnem</span> <span class='ocrx_word' id='word_1_39' title='bbox 725 1308 839 1370; x_wconf 91' lang='lat' dir='ltr'>mundi</span> <span class='ocrx_word' id='word_1_40' title='bbox 854 1309 998 1387; x_wconf 81' lang='lat' dir='ltr'>gloriam,</span> <span class='ocrx_word' id='word_1_41' title='bbox 1022 1308 1077 1390; x_wconf 89' lang='lat' dir='ltr'>qui</span> <span class='ocrx_word' id='word_1_42' title='bbox 1096 1308 1269 1370; x_wconf 86' lang='lat' dir='ltr'>amicorum</span> <span class='ocrx_word' id='word_1_43' title='bbox 1289 1318 1321 1370; x_wconf 92' lang='lat' dir='ltr'>et</span> <span class='ocrx_word' id='word_1_44' title='bbox 1338 1316 1387 1370; x_wconf 88' lang='lat' dir='ltr'>to·</span> 
     </span>
     <span class='ocr_line' id='line_1_7' title="bbox 434 1407 1387 1491; baseline -0.003 -17"><span class='ocrx_word' id='word_1_45' title='bbox 434 1412 498 1474; x_wconf 87' lang='lat' dir='ltr'>tius</span> <span class='ocrx_word' id='word_1_46' title='bbox 514 1409 715 1490; x_wconf 79' lang='lat' dir='ltr'>cognationis</span> <span class='ocrx_word' id='word_1_47' title='bbox 739 1409 941 1472; x_wconf 81' lang='lat' dir='ltr'>affectionem</span> <span class='ocrx_word' id='word_1_48' title='bbox 960 1429 1019 1491; x_wconf 91' lang='lat' dir='ltr'>pro</span> <span class='ocrx_word' id='word_1_49' title='bbox 1042 1407 1160 1471; x_wconf 83' lang='lat' dir='ltr'>Christi</span> <span class='ocrx_word' id='word_1_50' title='bbox 1182 1429 1290 1471; x_wconf 86' lang='lat' dir='ltr'>amore</span> <span class='ocrx_word' id='word_1_51' title='bbox 1309 1429 1387 1471; x_wconf 93' lang='lat' dir='ltr'>con·</span> 
     </span>
     <span class='ocr_line' id='line_1_8' title="bbox 434 1509 1388 1591; baseline -0.002 -17"><span class='ocrx_word' id='word_1_52' title='bbox 434 1521 593 1586; x_wconf 79' lang='lat' dir='ltr'>temnens,</span> <span class='ocrx_word' id='word_1_53' title='bbox 618 1510 752 1574; x_wconf 82' lang='lat' dir='ltr'>exilium</span> <span class='ocrx_word' id='word_1_54' title='bbox 771 1509 882 1585; x_wconf 90' lang='lat' dir='ltr'>subiit,</span> <span class='ocrx_word' id='word_1_55' title='bbox 906 1531 942 1572; x_wconf 90' lang='lat' dir='ltr'>se</span> <span class='ocrx_word' id='word_1_56' title='bbox 957 1521 991 1574; x_wconf 93' lang='lat' dir='ltr'>et</span> <span class='ocrx_word' id='word_1_57' title='bbox 1012 1530 1088 1572; x_wconf 89' lang='lat' dir='ltr'>suos</span> <span class='ocrx_word' id='word_1_58' title='bbox 1110 1529 1221 1572; x_wconf 91' lang='lat' dir='ltr'>omnes</span> <span class='ocrx_word' id='word_1_59' title='bbox 1236 1509 1388 1591; x_wconf 85' lang='lat' dir='ltr'>exposuit</span> 
     </span>
     <span class='ocr_line' id='line_1_9' title="bbox 433 1609 1387 1696; baseline 0 -22"><span class='ocrx_word' id='word_1_60' title='bbox 433 1611 577 1696; x_wconf 92' lang='lat' dir='ltr'>periculo</span> <span class='ocrx_word' id='word_1_61' title='bbox 592 1621 625 1674; x_wconf 89' lang='lat' dir='ltr'>et</span> <span class='ocrx_word' id='word_1_62' title='bbox 644 1611 841 1696; x_wconf 86' lang='lat' dir='ltr'>paupertati:</span> <span class='ocrx_word' id='word_1_63' title='bbox 864 1611 921 1695; x_wconf 92' lang='lat' dir='ltr'>qui</span> <span class='ocrx_word' id='word_1_64' title='bbox 941 1632 1000 1694; x_wconf 92' lang='lat' dir='ltr'>pro</span> <span class='ocrx_word' id='word_1_65' title='bbox 1020 1612 1090 1692; x_wconf 85' lang='lat' dir='ltr'>lege</span> <span class='ocrx_word' id='word_1_66' title='bbox 1113 1609 1178 1674; x_wconf 93' lang='lat' dir='ltr'>Dei</span> <span class='ocrx_word' id='word_1_67' title='bbox 1198 1609 1247 1672; x_wconf 94' lang='lat' dir='ltr'>sui</span> <span class='ocrx_word' id='word_1_68' title='bbox 1267 1609 1387 1674; x_wconf 89' lang='lat' dir='ltr'>tuenda</span> 
     </span>
     <span class='ocr_line' id='line_1_10' title="bbox 433 1713 1386 1795; baseline -0.004 -17"><span class='ocrx_word' id='word_1_69' title='bbox 433 1726 466 1778; x_wconf 88' lang='lat' dir='ltr'>et</span> <span class='ocrx_word' id='word_1_70' title='bbox 487 1713 681 1782; x_wconf 84' lang='lat' dir='ltr'>evacuandis</span> <span class='ocrx_word' id='word_1_71' title='bbox 702 1713 914 1777; x_wconf 88' lang='lat' dir='ltr'>abusionibus</span> <span class='ocrx_word' id='word_1_72' title='bbox 934 1725 1073 1776; x_wconf 84' lang='lat' dir='ltr'>veterum</span> <span class='ocrx_word' id='word_1_73' title='bbox 1093 1725 1298 1795; x_wconf 87' lang='lat' dir='ltr'>tyrannorum</span> <span class='ocrx_word' id='word_1_74' title='bbox 1318 1731 1386 1774; x_wconf 88' lang='lat' dir='ltr'>cer·</span> 
     </span>
     <span class='ocr_line' id='line_1_11' title="bbox 432 1812 1386 1900; baseline -0.005 -21"><span class='ocrx_word' id='word_1_75' title='bbox 432 1816 512 1879; x_wconf 89' lang='lat' dir='ltr'>tavit</span> <span class='ocrx_word' id='word_1_76' title='bbox 536 1837 638 1900; x_wconf 90' lang='lat' dir='ltr'>usque</span> <span class='ocrx_word' id='word_1_77' title='bbox 667 1815 707 1878; x_wconf 89' lang='lat' dir='ltr'>ad</span> <span class='ocrx_word' id='word_1_78' title='bbox 733 1825 877 1892; x_wconf 87' lang='lat' dir='ltr'>mortem,</span> <span class='ocrx_word' id='word_1_79' title='bbox 900 1836 961 1879; x_wconf 90' lang='lat' dir='ltr'>nec</span> <span class='ocrx_word' id='word_1_80' title='bbox 991 1816 1024 1876; x_wconf 93' lang='lat' dir='ltr'>iu</span> <span class='ocrx_word' id='word_1_81' title='bbox 1056 1815 1165 1898; x_wconf 84' lang='lat' dir='ltr'>aliqua</span> <span class='ocrx_word' id='word_1_82' title='bbox 1191 1812 1386 1895; x_wconf 83' lang='lat' dir='ltr'>obligatione</span> 
     </span>
     <span class='ocr_line' id='line_1_12' title="bbox 432 1913 1384 2000; baseline -0.003 -22"><span class='ocrx_word' id='word_1_83' title='bbox 432 1926 601 2000; x_wconf 90' lang='lat' dir='ltr'>postquam</span> <span class='ocrx_word' id='word_1_84' title='bbox 618 1917 717 1980; x_wconf 90' lang='lat' dir='ltr'>semel</span> <span class='ocrx_word' id='word_1_85' title='bbox 732 1917 843 1999; x_wconf 90' lang='lat' dir='ltr'>lapsus</span> <span class='ocrx_word' id='word_1_86' title='bbox 858 1927 909 1980; x_wconf 88' lang='lat' dir='ltr'>est</span> <span class='ocrx_word' id='word_1_87' title='bbox 923 1926 1036 1999; x_wconf 87' lang='lat' dir='ltr'>captus</span> <span class='ocrx_word' id='word_1_88' title='bbox 1057 1914 1274 1978; x_wconf 88' lang='lat' dir='ltr'>insidiantium</span> <span class='ocrx_word' id='word_1_89' title='bbox 1298 1913 1384 1986; x_wconf 90' lang='lat' dir='ltr'>dolo,</span> 
     </span>
     <span class='ocr_line' id='line_1_13' title="bbox 432 2015 1385 2106; baseline -0.003 -26"><span class='ocrx_word' id='word_1_90' title='bbox 432 2016 544 2083; x_wconf 90' lang='lat' dir='ltr'>induci</span> <span class='ocrx_word' id='word_1_91' title='bbox 567 2018 672 2102; x_wconf 88' lang='lat' dir='ltr'>potuit</span> <span class='ocrx_word' id='word_1_92' title='bbox 692 2029 727 2080; x_wconf 92' lang='lat' dir='ltr'>ut</span> <span class='ocrx_word' id='word_1_93' title='bbox 746 2017 869 2106; x_wconf 88' lang='lat' dir='ltr'>aliquid</span> <span class='ocrx_word' id='word_1_94' title='bbox 890 2038 998 2080; x_wconf 87' lang='lat' dir='ltr'>eorum</span> <span class='ocrx_word' id='word_1_95' title='bbox 1021 2037 1094 2100; x_wconf 85' lang='lat' dir='ltr'>quae</span> <span class='ocrx_word' id='word_1_96' title='bbox 1113 2017 1325 2099; x_wconf 83' lang='lat' dir='ltr'>exigebantur</span> <span class='ocrx_word' id='word_1_97' title='bbox 1343 2015 1385 2078; x_wconf 89' lang='lat' dir='ltr'>ah</span> 
     </span>
     <span class='ocr_line' id='line_1_14' title="bbox 431 2115 1384 2201; baseline -0.003 -21"><span class='ocrx_word' id='word_1_98' title='bbox 431 2118 504 2201; x_wconf 90' lang='lat' dir='ltr'>ipso</span> <span class='ocrx_word' id='word_1_99' title='bbox 518 2119 733 2201; x_wconf 86' lang='lat' dir='ltr'>promitteret:</span> <span class='ocrx_word' id='word_1_100' title='bbox 757 2119 833 2201; x_wconf 93' lang='lat' dir='ltr'>quin</span> <span class='ocrx_word' id='word_1_101' title='bbox 850 2119 882 2181; x_wconf 93' lang='lat' dir='ltr'>in</span> <span class='ocrx_word' id='word_1_102' title='bbox 900 2117 1049 2180; x_wconf 90' lang='lat' dir='ltr'>omnihus</span> <span class='ocrx_word' id='word_1_103' title='bbox 1069 2117 1221 2201; x_wconf 86' lang='lat' dir='ltr'>adjiceret</span> <span class='ocrx_word' id='word_1_104' title='bbox 1233 2115 1384 2178; x_wconf 89' lang='lat' dir='ltr'>honorem</span> 
     </span>
     <span class='ocr_line' id='line_1_15' title="bbox 433 2214 1386 2282; baseline -0.003 -1"><span class='ocrx_word' id='word_1_105' title='bbox 433 2218 497 2281; x_wconf 88' lang='lat' dir='ltr'>Dei</span> <span class='ocrx_word' id='word_1_106' title='bbox 522 2229 553 2282; x_wconf 89' lang='lat' dir='ltr'>et</span> <span class='ocrx_word' id='word_1_107' title='bbox 582 2219 783 2282; x_wconf 86' lang='lat' dir='ltr'>honestatem</span> <span class='ocrx_word' id='word_1_108' title='bbox 811 2218 958 2282; x_wconf 70' lang='lat' dir='ltr'>ecclesiae</span> <span class='ocrx_word' id='word_1_109' title='bbox 984 2219 1103 2281; x_wconf 81' lang='lat' dir='ltr'>selvam</span> <span class='ocrx_word' id='word_1_110' title='bbox 1126 2218 1201 2280; x_wconf 87' lang='lat' dir='ltr'>sore.</span> <span class='ocrx_word' id='word_1_111' title='bbox 1246 2218 1317 2279; x_wconf 92' lang='lat' dir='ltr'>Nec</span> <span class='ocrx_word' id='word_1_112' title='bbox 1344 2214 1386 2278; x_wconf 90' lang='lat' dir='ltr'>ad</span> 
     </span>
     <span class='ocr_line' id='line_1_16' title="bbox 432 2318 1385 2403; baseline 0.001 -23"><span class='ocrx_word' id='word_1_113' title='bbox 432 2319 595 2384; x_wconf 88' lang='lat' dir='ltr'>modicum</span> <span class='ocrx_word' id='word_1_114' title='bbox 619 2331 650 2382; x_wconf 91' lang='lat' dir='ltr'>et</span> <span class='ocrx_word' id='word_1_115' title='bbox 672 2321 764 2403; x_wconf 88' lang='lat' dir='ltr'>quasi</span> <span class='ocrx_word' id='word_1_116' title='bbox 788 2320 830 2383; x_wconf 89' lang='lat' dir='ltr'>ad</span> <span class='ocrx_word' id='word_1_117' title='bbox 853 2320 964 2383; x_wconf 89' lang='lat' dir='ltr'>horam</span> <span class='ocrx_word' id='word_1_118' title='bbox 986 2318 1121 2383; x_wconf 90' lang='lat' dir='ltr'>credens</span> <span class='ocrx_word' id='word_1_119' title='bbox 1142 2329 1175 2383; x_wconf 92' lang='lat' dir='ltr'>et</span> <span class='ocrx_word' id='word_1_120' title='bbox 1195 2319 1228 2382; x_wconf 91' lang='lat' dir='ltr'>iu</span> <span class='ocrx_word' id='word_1_121' title='bbox 1251 2318 1385 2382; x_wconf 86' lang='lat' dir='ltr'>articulo</span> 
     </span>
     <span class='ocr_line' id='line_1_17' title="bbox 432 2419 1385 2505; baseline 0.002 -24"><span class='ocrx_word' id='word_1_122' title='bbox 432 2420 617 2484; x_wconf 86' lang='lat' dir='ltr'>tentationis</span> <span class='ocrx_word' id='word_1_123' title='bbox 637 2421 791 2485; x_wconf 88' lang='lat' dir='ltr'>recedens</span> <span class='ocrx_word' id='word_1_124' title='bbox 814 2419 948 2484; x_wconf 80' lang='lat' dir='ltr'>adversa</span> <span class='ocrx_word' id='word_1_125' title='bbox 966 2441 1139 2505; x_wconf 90' lang='lat' dir='ltr'>perpessus</span> <span class='ocrx_word' id='word_1_126' title='bbox 1154 2430 1218 2484; x_wconf 89' lang='lat' dir='ltr'>est:</span> <span class='ocrx_word' id='word_1_127' title='bbox 1243 2421 1301 2484; x_wconf 92' lang='lat' dir='ltr'>sed</span> <span class='ocrx_word' id='word_1_128' title='bbox 1316 2420 1385 2483; x_wconf 90' lang='lat' dir='ltr'>exi·</span> 
     </span>
     <span class='ocr_line' id='line_1_18' title="bbox 430 2521 1385 2606; baseline 0.001 -22"><span class='ocrx_word' id='word_1_129' title='bbox 430 2521 508 2584; x_wconf 88' lang='lat' dir='ltr'>lium</span> <span class='ocrx_word' id='word_1_130' title='bbox 524 2533 555 2585; x_wconf 89' lang='lat' dir='ltr'>et</span> <span class='ocrx_word' id='word_1_131' title='bbox 569 2525 716 2586; x_wconf 87' lang='lat' dir='ltr'>acerbam</span> <span class='ocrx_word' id='word_1_132' title='bbox 737 2523 999 2606; x_wconf 85' lang='lat' dir='ltr'>proscriptionem</span> <span class='ocrx_word' id='word_1_133' title='bbox 1021 2524 1055 2585; x_wconf 91' lang='lat' dir='ltr'>in</span> <span class='ocrx_word' id='word_1_134' title='bbox 1076 2544 1194 2586; x_wconf 90' lang='lat' dir='ltr'>aunum</span> <span class='ocrx_word' id='word_1_135' title='bbox 1215 2523 1385 2605; x_wconf 89' lang='lat' dir='ltr'>septimum</span> 
     </span>
     <span class='ocr_line' id='line_1_19' title="bbox 430 2624 1387 2706; baseline 0.001 -21"><span class='ocrx_word' id='word_1_136' title='bbox 430 2625 610 2705; x_wconf 86' lang='lat' dir='ltr'>protelavit,</span> <span class='ocrx_word' id='word_1_137' title='bbox 625 2636 712 2688; x_wconf 87' lang='lat' dir='ltr'>tanto</span> <span class='ocrx_word' id='word_1_138' title='bbox 733 2625 864 2706; x_wconf 88' lang='lat' dir='ltr'>quidem</span> <span class='ocrx_word' id='word_1_139' title='bbox 883 2625 1000 2686; x_wconf 85' lang='lat' dir='ltr'>virtute</span> <span class='ocrx_word' id='word_1_140' title='bbox 1022 2624 1208 2686; x_wconf 83' lang='lat' dir='ltr'>constantiae</span> <span class='ocrx_word' id='word_1_141' title='bbox 1227 2624 1314 2704; x_wconf 82' lang='lat' dir='ltr'>regia</span> <span class='ocrx_word' id='word_1_142' title='bbox 1334 2624 1387 2686; x_wconf 84' lang='lat' dir='ltr'>via</span> 
     </span>
     <span class='ocr_line' id='line_1_20' title="bbox 432 2722 1384 2805; baseline 0.003 -21"><span class='ocrx_word' id='word_1_143' title='bbox 432 2722 587 2786; x_wconf 87' lang='lat' dir='ltr'>incedens</span> <span class='ocrx_word' id='word_1_144' title='bbox 607 2736 638 2786; x_wconf 91' lang='lat' dir='ltr'>et</span> <span class='ocrx_word' id='word_1_145' title='bbox 662 2723 780 2786; x_wconf 86' lang='lat' dir='ltr'>Christi</span> <span class='ocrx_word' id='word_1_146' title='bbox 800 2733 834 2786; x_wconf 92' lang='lat' dir='ltr'>et</span> <span class='ocrx_word' id='word_1_147' title='bbox 854 2724 1073 2805; x_wconf 90' lang='lat' dir='ltr'>apostolorum</span> <span class='ocrx_word' id='word_1_148' title='bbox 1093 2743 1229 2804; x_wconf 89' lang='lat' dir='ltr'>sequens</span> <span class='ocrx_word' id='word_1_149' title='bbox 1252 2724 1384 2805; x_wconf 83' lang='lat' dir='ltr'>vestigia</span> 
     </span>
     <span class='ocr_line' id='line_1_21' title="bbox 432 2823 1384 2909; baseline 0 -23"><span class='ocrx_word' id='word_1_150' title='bbox 432 2833 469 2886; x_wconf 92' lang='lat' dir='ltr'>ut</span> <span class='ocrx_word' id='word_1_151' title='bbox 491 2823 628 2887; x_wconf 80' lang='lat' dir='ltr'>inuictus</span> <span class='ocrx_word' id='word_1_152' title='bbox 652 2823 721 2909; x_wconf 90' lang='lat' dir='ltr'>ejus</span> <span class='ocrx_word' id='word_1_153' title='bbox 745 2824 870 2886; x_wconf 91' lang='lat' dir='ltr'>animus</span> <span class='ocrx_word' id='word_1_154' title='bbox 893 2843 955 2886; x_wconf 88' lang='lat' dir='ltr'>nec</span> <span class='ocrx_word' id='word_1_155' title='bbox 982 2823 1115 2886; x_wconf 79' lang='lat' dir='ltr'>fortunae</span> <span class='ocrx_word' id='word_1_156' title='bbox 1139 2823 1299 2887; x_wconf 78' lang='lat' dir='ltr'>saevientis</span> <span class='ocrx_word' id='word_1_157' title='bbox 1323 2825 1384 2886; x_wconf 92' lang='lat' dir='ltr'>im-</span> 
     </span>
     <span class='ocr_line' id='line_1_22' title="bbox 432 2924 1385 3009; baseline 0.002 -22"><span class='ocrx_word' id='word_1_158' title='bbox 432 2935 509 3006; x_wconf 91' lang='lat' dir='ltr'>petu</span> <span class='ocrx_word' id='word_1_159' title='bbox 531 2936 641 3009; x_wconf 88' lang='lat' dir='ltr'>posset</span> <span class='ocrx_word' id='word_1_160' title='bbox 662 2925 777 3006; x_wconf 81' lang='lat' dir='ltr'>frangi,</span> <span class='ocrx_word' id='word_1_161' title='bbox 799 2946 858 2988; x_wconf 91' lang='lat' dir='ltr'>uec</span> <span class='ocrx_word' id='word_1_162' title='bbox 881 2924 1047 2987; x_wconf 89' lang='lat' dir='ltr'>blanditiis</span> <span class='ocrx_word' id='word_1_163' title='bbox 1069 2924 1213 2987; x_wconf 90' lang='lat' dir='ltr'>emolliri.</span> <span class='ocrx_word' id='word_1_164' title='bbox 1261 2924 1326 2988; x_wconf 89' lang='lat' dir='ltr'>Sed</span> <span class='ocrx_word' id='word_1_165' title='bbox 1351 2938 1385 2989; x_wconf 90' lang='lat' dir='ltr'>et</span> 
     </span>
     <span class='ocr_line' id='line_1_23' title="bbox 432 3023 1383 3110; baseline 0.002 -22"><span class='ocrx_word' id='word_1_166' title='bbox 432 3027 545 3090; x_wconf 85' lang='lat' dir='ltr'>ubisit</span> <span class='ocrx_word' id='word_1_167' title='bbox 565 3023 746 3090; x_wconf 88' lang='lat' dir='ltr'>immolatus</span> <span class='ocrx_word' id='word_1_168' title='bbox 768 3025 930 3089; x_wconf 84' lang='lat' dir='ltr'>advertite.</span> <span class='ocrx_word' id='word_1_169' title='bbox 977 3026 1074 3090; x_wconf 89' lang='lat' dir='ltr'>Certe</span> <span class='ocrx_word' id='word_1_170' title='bbox 1098 3028 1133 3088; x_wconf 93' lang='lat' dir='ltr'>in</span> <span class='ocrx_word' id='word_1_171' title='bbox 1148 3027 1294 3105; x_wconf 86' lang='lat' dir='ltr'>ecclesia,</span> <span class='ocrx_word' id='word_1_172' title='bbox 1310 3048 1383 3110; x_wconf 76' lang='lat' dir='ltr'>quie</span> 
     </span>
     <span class='ocr_line' id='line_1_24' title="bbox 431 3127 1383 3211; baseline -0.001 -21"><span class='ocrx_word' id='word_1_173' title='bbox 431 3139 529 3211; x_wconf 86' lang='lat' dir='ltr'>caput</span> <span class='ocrx_word' id='word_1_174' title='bbox 544 3128 633 3206; x_wconf 87' lang='lat' dir='ltr'>regui</span> <span class='ocrx_word' id='word_1_175' title='bbox 648 3137 705 3206; x_wconf 87' lang='lat' dir='ltr'>cst,</span> <span class='ocrx_word' id='word_1_176' title='bbox 722 3127 904 3190; x_wconf 72' lang='lat' dir='ltr'>erutarum</span> <span class='ocrx_word' id='word_1_177' title='bbox 919 3127 1062 3190; x_wconf 88' lang='lat' dir='ltr'>omnium</span> <span class='ocrx_word' id='word_1_178' title='bbox 1077 3136 1177 3189; x_wconf 90' lang='lat' dir='ltr'>mater</span> <span class='ocrx_word' id='word_1_179' title='bbox 1194 3127 1226 3189; x_wconf 90' lang='lat' dir='ltr'>iu</span> <span class='ocrx_word' id='word_1_180' title='bbox 1243 3127 1383 3205; x_wconf 91' lang='lat' dir='ltr'>Christo,</span> 
     </span>
     <span class='ocr_line' id='line_1_25' title="bbox 431 3225 1382 3310; baseline 0.002 -21"><span class='ocrx_word' id='word_1_181' title='bbox 431 3248 539 3290; x_wconf 86' lang='lat' dir='ltr'>coram</span> <span class='ocrx_word' id='word_1_182' title='bbox 554 3228 655 3304; x_wconf 83' lang='lat' dir='ltr'>altari,</span> <span class='ocrx_word' id='word_1_183' title='bbox 670 3229 752 3290; x_wconf 88' lang='lat' dir='ltr'>iuter</span> <span class='ocrx_word' id='word_1_184' title='bbox 767 3226 1013 3291; x_wconf 88' lang='lat' dir='ltr'>consacerdotes</span> <span class='ocrx_word' id='word_1_185' title='bbox 1031 3238 1063 3290; x_wconf 88' lang='lat' dir='ltr'>et</span> <span class='ocrx_word' id='word_1_186' title='bbox 1085 3247 1199 3289; x_wconf 90' lang='lat' dir='ltr'>manus</span> <span class='ocrx_word' id='word_1_187' title='bbox 1219 3225 1382 3310; x_wconf 79' lang='lat' dir='ltr'>religioso·</span> 
     </span>
     <span class='ocr_line' id='line_1_26' title="bbox 431 3326 1384 3410; baseline 0.003 -21"><span class='ocrx_word' id='word_1_188' title='bbox 431 3348 509 3405; x_wconf 89' lang='lat' dir='ltr'>rum,</span> <span class='ocrx_word' id='word_1_189' title='bbox 533 3349 613 3410; x_wconf 92' lang='lat' dir='ltr'>quos</span> <span class='ocrx_word' id='word_1_190' title='bbox 642 3339 832 3390; x_wconf 84' lang='lat' dir='ltr'>armatorum</span> <span class='ocrx_word' id='word_1_191' title='bbox 862 3326 1050 3391; x_wconf 86' lang='lat' dir='ltr'>carnificum</span> <span class='ocrx_word' id='word_1_192' title='bbox 1080 3329 1236 3391; x_wconf 87' lang='lat' dir='ltr'>tumultus</span> <span class='ocrx_word' id='word_1_193' title='bbox 1264 3328 1384 3392; x_wconf 82' lang='lat' dir='ltr'>fecerat</span> 
     </span>
     <span class='ocr_line' id='line_1_27' title="bbox 430 3428 1382 3511; baseline -0.001 -20"><span class='ocrx_word' id='word_1_194' title='bbox 430 3428 471 3492; x_wconf 91' lang='lat' dir='ltr'>ad</span> <span class='ocrx_word' id='word_1_195' title='bbox 487 3429 681 3511; x_wconf 87' lang='lat' dir='ltr'>stupendum</span> <span class='ocrx_word' id='word_1_196' title='bbox 697 3440 729 3491; x_wconf 90' lang='lat' dir='ltr'>et</span> <span class='ocrx_word' id='word_1_197' title='bbox 749 3429 929 3490; x_wconf 86' lang='lat' dir='ltr'>miserabile</span> <span class='ocrx_word' id='word_1_198' title='bbox 945 3429 1162 3510; x_wconf 83' lang='lat' dir='ltr'>spectaculum</span> <span class='ocrx_word' id='word_1_199' title='bbox 1183 3450 1382 3492; x_wconf 87' lang='lat' dir='ltr'>concurrere.</span> 
     </span>
     <span class='ocr_line' id='line_1_28' title="bbox 431 3527 1381 3612; baseline -0.002 -19"><span class='ocrx_word' id='word_1_200' title='bbox 431 3528 497 3602; x_wconf 88' lang='lat' dir='ltr'>Qui</span> <span class='ocrx_word' id='word_1_201' title='bbox 512 3550 586 3611; x_wconf 86' lang='lat' dir='ltr'>ergo</span> <span class='ocrx_word' id='word_1_202' title='bbox 609 3530 750 3612; x_wconf 86' lang='lat' dir='ltr'>seipsum</span> <span class='ocrx_word' id='word_1_203' title='bbox 774 3549 793 3590; x_wconf 91' lang='lat' dir='ltr'>a</span> <span class='ocrx_word' id='word_1_204' title='bbox 814 3529 915 3590; x_wconf 91' lang='lat' dir='ltr'>multo</span> <span class='ocrx_word' id='word_1_205' title='bbox 930 3538 1073 3608; x_wconf 91' lang='lat' dir='ltr'>tempore</span> <span class='ocrx_word' id='word_1_206' title='bbox 1095 3527 1287 3591; x_wconf 87' lang='lat' dir='ltr'>exhibuerat</span> <span class='ocrx_word' id='word_1_207' title='bbox 1306 3529 1381 3592; x_wconf 89' lang='lat' dir='ltr'>hos·</span> 
     </span>
     <span class='ocr_line' id='line_1_29' title="bbox 428 3628 1380 3710; baseline -0.002 -16"><span class='ocrx_word' id='word_1_208' title='bbox 428 3631 506 3694; x_wconf 83' lang='lat' dir='ltr'>tiam</span> <span class='ocrx_word' id='word_1_209' title='bbox 528 3631 643 3708; x_wconf 84' lang='lat' dir='ltr'>vivam,</span> <span class='ocrx_word' id='word_1_210' title='bbox 673 3641 827 3708; x_wconf 85' lang='lat' dir='ltr'>sanctam,</span> <span class='ocrx_word' id='word_1_211' title='bbox 855 3629 927 3691; x_wconf 86' lang='lat' dir='ltr'>Deo</span> <span class='ocrx_word' id='word_1_212' title='bbox 949 3628 1142 3709; x_wconf 87' lang='lat' dir='ltr'>placentem,</span> <span class='ocrx_word' id='word_1_213' title='bbox 1165 3628 1221 3710; x_wconf 91' lang='lat' dir='ltr'>qui</span> <span class='ocrx_word' id='word_1_214' title='bbox 1251 3649 1380 3692; x_wconf 89' lang='lat' dir='ltr'>camem</span> 
     </span>
     <span class='ocr_line' id='line_1_30' title="bbox 429 3726 1383 3811; baseline 0 -18"><span class='ocrx_word' id='word_1_215' title='bbox 429 3751 518 3793; x_wconf 85' lang='lat' dir='ltr'>suum</span> <span class='ocrx_word' id='word_1_216' title='bbox 541 3731 575 3791; x_wconf 91' lang='lat' dir='ltr'>in</span> <span class='ocrx_word' id='word_1_217' title='bbox 597 3731 794 3794; x_wconf 88' lang='lat' dir='ltr'>orationibus</span> <span class='ocrx_word' id='word_1_218' title='bbox 810 3739 842 3792; x_wconf 90' lang='lat' dir='ltr'>et</span> <span class='ocrx_word' id='word_1_219' title='bbox 862 3728 989 3808; x_wconf 84' lang='lat' dir='ltr'>vigiliis,</span> <span class='ocrx_word' id='word_1_220' title='bbox 1004 3726 1139 3810; x_wconf 86' lang='lat' dir='ltr'>jejuniis</span> <span class='ocrx_word' id='word_1_221' title='bbox 1160 3737 1192 3790; x_wconf 89' lang='lat' dir='ltr'>et</span> <span class='ocrx_word' id='word_1_222' title='bbox 1212 3729 1383 3811; x_wconf 85' lang='lat' dir='ltr'>asperioris</span> 
     </span>
     <span class='ocr_line' id='line_1_31' title="bbox 429 3827 1382 3910; baseline 0.001 -19"><span class='ocrx_word' id='word_1_223' title='bbox 429 3849 488 3892; x_wconf 93' lang='lat' dir='ltr'>usu</span> <span class='ocrx_word' id='word_1_224' title='bbox 511 3828 609 3890; x_wconf 91' lang='lat' dir='ltr'>cilicii</span> <span class='ocrx_word' id='word_1_225' title='bbox 635 3829 788 3892; x_wconf 86' lang='lat' dir='ltr'>conviciis</span> <span class='ocrx_word' id='word_1_226' title='bbox 812 3839 845 3889; x_wconf 88' lang='lat' dir='ltr'>et</span> <span class='ocrx_word' id='word_1_227' title='bbox 868 3827 1142 3910; x_wconf 87' lang='lat' dir='ltr'>concupiscentiis</span> <span class='ocrx_word' id='word_1_228' title='bbox 1168 3827 1382 3906; x_wconf 80' lang='lat' dir='ltr'>crucifixerat,</span> 
     </span>
     <span class='ocr_line' id='line_1_32' title="bbox 430 3925 1381 4013; baseline 0.002 -23"><span class='ocrx_word' id='word_1_229' title='bbox 430 3927 486 4013; x_wconf 91' lang='lat' dir='ltr'>qui</span> <span class='ocrx_word' id='word_1_230' title='bbox 508 3925 648 4003; x_wconf 88' lang='lat' dir='ltr'>dorsum,</span> <span class='ocrx_word' id='word_1_231' title='bbox 664 3925 752 4008; x_wconf 90' lang='lat' dir='ltr'>quod</span> <span class='ocrx_word' id='word_1_232' title='bbox 772 3927 832 3988; x_wconf 87' lang='lat' dir='ltr'>soli</span> <span class='ocrx_word' id='word_1_233' title='bbox 854 3926 1025 3990; x_wconf 83' lang='lat' dir='ltr'>familiares</span> <span class='ocrx_word' id='word_1_234' title='bbox 1043 3925 1113 4009; x_wconf 87' lang='lat' dir='ltr'>ejus</span> <span class='ocrx_word' id='word_1_235' title='bbox 1133 3936 1296 4001; x_wconf 87' lang='lat' dir='ltr'>noverant,</span> <span class='ocrx_word' id='word_1_236' title='bbox 1311 3939 1381 3992; x_wconf 89' lang='lat' dir='ltr'>tan·</span> 
     </span>
     <span class='ocr_line' id='line_1_33' title="bbox 402 4024 1381 4112; baseline -0.002 -20"><span class='ocrx_word' id='word_1_237' title='bbox 402 4106 405 4112; x_wconf 25' lang='lat'><strong>¹</strong></span> <span class='ocrx_word' id='word_1_238' title='bbox 431 4049 525 4111; x_wconf 90' lang='lat' dir='ltr'>quam</span> <span class='ocrx_word' id='word_1_239' title='bbox 542 4025 663 4090; x_wconf 87' lang='lat' dir='ltr'>Christi</span> <span class='ocrx_word' id='word_1_240' title='bbox 687 4024 837 4108; x_wconf 90' lang='lat' dir='ltr'>puerulus</span> <span class='ocrx_word' id='word_1_241' title='bbox 857 4045 1021 4108; x_wconf 84' lang='lat' dir='ltr'>exponere</span> <span class='ocrx_word' id='word_1_242' title='bbox 1042 4035 1249 4089; x_wconf 84' lang='lat' dir='ltr'>consueverat</span> <span class='ocrx_word' id='word_1_243' title='bbox 1268 4026 1309 4088; x_wconf 83' lang='lat' dir='ltr'>ad</span> <span class='ocrx_word' id='word_1_244' title='bbox 1324 4029 1381 4090; x_wconf 85' lang='lat' dir='ltr'>fla·</span> 
     </span>
     <span class='ocr_line' id='line_1_34' title="bbox 431 4125 1382 4210; baseline -0.001 -18"><span class='ocrx_word' id='word_1_245' title='bbox 431 4130 523 4210; x_wconf 77' lang='lat' dir='ltr'>gella,</span> <span class='ocrx_word' id='word_1_246' title='bbox 546 4126 599 4207; x_wconf 93' lang='lat' dir='ltr'>qui</span> <span class='ocrx_word' id='word_1_247' title='bbox 623 4126 741 4190; x_wconf 88' lang='lat' dir='ltr'>Christi</span> <span class='ocrx_word' id='word_1_248' title='bbox 765 4145 882 4208; x_wconf 93' lang='lat' dir='ltr'>corpus</span> <span class='ocrx_word' id='word_1_249' title='bbox 907 4138 940 4189; x_wconf 90' lang='lat' dir='ltr'>et</span> <span class='ocrx_word' id='word_1_250' title='bbox 965 4125 1152 4207; x_wconf 80' lang='lat' dir='ltr'>sanguinem</span> <span class='ocrx_word' id='word_1_251' title='bbox 1179 4125 1292 4188; x_wconf 87' lang='lat' dir='ltr'>solitus</span> <span class='ocrx_word' id='word_1_252' title='bbox 1315 4140 1382 4191; x_wconf 91' lang='lat' dir='ltr'>erat</span> 
     </span>
     <span class='ocr_line' id='line_1_35' title="bbox 430 4227 1381 4311; baseline 0.001 -19"><span class='ocrx_word' id='word_1_253' title='bbox 430 4233 542 4293; x_wconf 85' lang='lat' dir='ltr'>offerre</span> <span class='ocrx_word' id='word_1_254' title='bbox 564 4230 598 4292; x_wconf 91' lang='lat' dir='ltr'>in</span> <span class='ocrx_word' id='word_1_255' title='bbox 614 4227 714 4304; x_wconf 89' lang='lat' dir='ltr'>altari,</span> <span class='ocrx_word' id='word_1_256' title='bbox 737 4248 843 4290; x_wconf 88' lang='lat' dir='ltr'>coram</span> <span class='ocrx_word' id='word_1_257' title='bbox 859 4228 950 4291; x_wconf 87' lang='lat' dir='ltr'>altari</span> <span class='ocrx_word' id='word_1_258' title='bbox 966 4235 1140 4311; x_wconf 87' lang='lat' dir='ltr'>prostratus</span> <span class='ocrx_word' id='word_1_259' title='bbox 1155 4229 1292 4292; x_wconf 82' lang='lat' dir='ltr'>effusum</span> <span class='ocrx_word' id='word_1_260' title='bbox 1315 4251 1381 4293; x_wconf 89' lang='lat' dir='ltr'>rna·</span> 
     </span>
    </p>
   </div>
   <div class='ocr_carea' id='block_1_3' title="bbox 0 0 1818 5317">
    <p class='ocr_par' dir='ltr' id='par_1_3' title="bbox 0 0 1818 5317">
     <span class='ocr_line' id='line_1_36' title="bbox 0 0 1818 5317; baseline 0 3"><span class='ocrx_word' id='word_1_261' title='bbox 0 0 1818 5317; x_wconf 95' lang='lat' dir='ltr'> </span> 
     </span>
    </p>
   </div>
  </div>
 </body>
</html>
