3625 5317
469 755 535 816 ast
730 765 867 811 Josssrs
881 765 1160 812 samosatensis

473 931 699 996 couvenerant,
734 920 865 1000 longum
901 919 1065 1002 protendit
1093 940 1292 996 sermonem
1327 931 1424 1005 atque

470 1019 554 1083 inter
570 1031 685 1084 caetera
699 1019 763 1082 sit:
789 1019 935 1094 “Quum
955 1019 1043 1082 hune
1066 1031 1176 1103 utpote
1197 1022 1426 1104 peritissimum

470 1121 503 1184 iu
532 1121 683 1183 omnibus
715 1119 902 1184 liberalibus
930 1119 1112 1202 disciplinis
1138 1133 1172 1184 et
1205 1121 1241 1184 iu
1268 1122 1421 1203 religione

470 1222 624 1286 nutritum
646 1222 805 1285 attritum
824 1221 967 1302 magistri
989 1223 1064 1284 luco
1085 1222 1204 1286 habere
1227 1221 1423 1301 debeamus;

470 1323 575 1406 sitque
604 1323 691 1384 velut
718 1319 850 1404 quidam
879 1323 1011 1386 alterius
1038 1321 1126 1386 orbis
1157 1323 1360 1405 apostolicus
1388 1335 1424 1387 et

469 1424 651 1508 patriarcha
666 1424 739 1507 jure
761 1423 982 1500 venerandus3
1013 1423 1113 1486 menti
1133 1433 1240 1486 umen
1262 1424 1334 1506 ejus
1353 1433 1420 1488 tam

469 1525 596 1591 sincera
616 1526 709 1602 fides,
729 1535 796 1589 tam
819 1525 984 1588 excellens
1007 1523 1170 1588 humilitas
1189 1523 1361 1606 presidem
1382 1535 1422 1588 ut

470 1647 529 1692 nos
551 1627 653 1710 magis
672 1626 854 1710 indigentes
874 1626 1011 1690 consilio
1036 1624 1107 1708 ejus
1128 1625 1288 1688 censuerit
1304 1645 1423 1690 cousu-

470 1727 596 1806 lendos,
610 1739 643 1790 et
656 1739 694 1792 ut
712 1749 732 1792 a
751 1727 926 1790 reverentia
938 1726 1027 1789 beati
1044 1726 1132 1787 Petri
1145 1745 1243 1808 quem
1257 1723 1338 1790 adiit
1355 1747 1420 1790 uon

406 1905 409 1912 ,
470 1829 611 1914 potuerit
624 1830 776 1913 periculis
796 1837 888 1892 tarrae
912 1838 968 1891 aut
991 1827 1088 1890 muris
1112 1827 1241 1890 areeri.'‘
1283 1829 1369 1892 Haee
1388 1837 1423 1892 et

470 1935 563 2018 plura
583 1935 750 1998 Romanus
770 1931 927 2017 pontifex.
972 1928 1040 1994 Sed
1060 1930 1112 1994 his
1133 1933 1283 1996 omnibus
1303 1934 1418 1996 Antel-

469 2055 541 2099 mus
555 2035 588 2097 iu
604 2033 729 2097 silentio
744 2053 803 2096 suo
814 2021 949 2096 cautela}
963 2041 997 2095 et
1010 2031 1109 2094 diuui
1121 2031 1243 2095 timoris
1256 2033 1425 2114 opposuit·

468 2135 631 2218 Exposita
646 2155 718 2198 vero
741 2135 896 2198 adrentus
915 2134 966 2197 sni
985 2154 1094 2209 causa,
1107 2133 1238 2197 miratur
1258 2144 1293 2197 et
1312 2144 1422 2217 stupet

469 2237 619 2310 eeclesia,
650 2237 958 2321 subventionemque
988 2236 1210 2319 plenissimum
1238 2236 1419 2319 pollicetur.

466 2335 585 2400 Jussus
599 2345 705 2399 autem
721 2339 848 2414 morari,
863 2337 1040 2400 declinavit
1052 2335 1094 2398 ad
1108 2347 1270 2415 moutuua,
1279 2335 1421 2399 Romani

468 2434 550 2498 aeris
580 2435 817 2498 inclementiam
846 2435 996 2519 fugiens;
1025 2446 1236 2520 receptusque
1269 2447 1319 2500 est
1346 2457 1420 2502 eum

469 2535 589 2600 honore
604 2555 623 2600 a
638 2535 810 2599 venerabili
825 2535 892 2598 rire
905 2537 1056 2600 Jobunne
1078 2535 1242 2620 quondam
1262 2537 1422 2601 monacho

470 2637 640 2714 Beccemi,
664 2647 739 2700 tunc
762 2647 866 2700 autem
889 2638 1007 2700 abbate
1030 2637 1142 2701 Sancti
1164 2635 1336 2702 Salvatoris
1357 2638 1421 2702 Te·

469 2739 562 2802 lesini
570 2761 580 2816 ;
602 2749 636 2804 et
650 2739 768 2802 ductus
782 2739 815 2802 iu
831 2739 952 2815 villam,
967 2739 1021 2801 oui
1037 2737 1162 2802 Solaria
1176 2759 1294 2802 nomeu
1308 2749 1364 2802 est.

469 3063 550 3146 Cap.
569 3067 617 3126 10.
641 3063 809 3128 Anselmur
827 3067 992 3147 wmpleoit
1009 3067 1047 3128 in
1062 3068 1234 3149 provincio
1254 3069 1420 3150 Capuam

510 3163 659 3224 volumen
682 3164 748 3226 Cur
770 3163 860 3226 Deus
875 3177 907 3227 et
926 3165 1033 3229 homo.
1078 3165 1131 3229 De
1148 3172 1292 3249 penuriis
1312 3188 1417 3251 uquoe.

511 3259 564 3321 De
585 3267 684 3340 puteo
707 3281 814 3341 equae.
859 3264 913 3328 De
941 3266 1022 3330 duee
1043 3269 1184 3349 Apuliae.
1229 3265 1282 3333 De
1306 3272 1419 3334 comite

511 3357 929 3433 semiaeternitatem
956 3387 1029 3430 eum
1054 3387 1145 3451 popu
1179 3369 1323 3434 Urbano.
1368 3371 1423 3434 De

509 3461 640 3523 eoncilio
655 3461 804 3525 Berensi.
849 3463 902 3529 De
922 3470 1111 3551 oonfireione
1125 3471 1322 3547 Groeoorum,
1338 3474 1423 3536 etde

509 3563 684 3627 boeresibus
704 3583 824 3628 eorum.
870 3569 1043 3634 Anselmue
1064 3579 1198 3635 nocetur
1216 3595 1239 3636 a
1258 3578 1337 3637 oilie
1358 3575 1423 3638 llo·

509 3667 616 3728 menis
630 3665 898 3733 SanetueHomo.
929 3669 982 3733 De
992 3674 1194 3737 investituris
1204 3677 1419 3739 eeclesiarum.

509 3763 562 3827 De
575 3769 706 3829 oonsilio
721 3768 835 3831 Romae
848 3771 1010 3834 celebrato.

509 3939 633 4005 lenus
658 3941 704 4006 ibi
727 3941 859 4026 degens,
884 3946 975 4011 etin
1002 3951 1184 4015 summitate
1215 3953 1334 4016 montis
1363 3952 1421 4015 ubi

465 4041 540 4104 villu
554 4056 632 4121 erat,
646 4045 830 4110 salubritate
846 4050 929 4112 aeris
943 4060 976 4112 et
990 4052 1077 4114 velut
1091 4051 1231 4137 quadam
1245 4051 1424 4116 solitudine

464 4142 672 4222 exhilaratus,
691 4147 749 4209 ait:
773 4149 795 4180 “
812 4147 895 4211 Huc
923 4151 1052 4235 requies
1075 4175 1157 4232 mea,
1174 4155 1228 4217 hic
1254 4155 1422 4219 habitabo.

463 4242 592 4306 Vacuus
603 4257 707 4308 autem
720 4245 793 4308 Deo
807 4257 840 4308 et
850 4249 926 4325 sibi,
935 4253 1059 4335 insignio
1069 4256 1229 4335 volumen,
1240 4256 1420 4340 inemptum

463 4340 594 4424 quidem
612 4345 645 4408 in
662 4346 790 4427 Anglia,
806 4347 852 4410 ibi
874 4348 907 4412 in
929 4355 1097 4435 provincis
1116 4356 1242 4421 scilicet
1262 4357 1422 4441 Capuaus
