3625 5317
381 800 452 846 cte.
469 780 585 861 mm]
740 800 980 849 autumamus.
1273 790 1334 849 179

382 963 557 1037 apparente
575 948 740 1035 sapientia,
756 950 810 1015 sed
834 972 897 1015 non
917 951 1084 1018 existente.
1129 953 1211 1016 Haec
1225 964 1334 1017 autem

380 1052 525 1117 omnium
547 1049 785 1137 disciplinarum
804 1050 983 1118 aemulatrix
1004 1066 1064 1129 est,
1086 1066 1120 1119 et
1141 1054 1202 1118 sub
1223 1074 1333 1117 earum

382 1152 497 1240 specie,
520 1176 594 1218 suas
618 1154 767 1219 omnibus
793 1153 970 1219 tendiculas
996 1169 1101 1242 parat,
1126 1157 1335 1243 incautosque

383 1253 551 1319 subvertit.
597 1255 743 1331 Frustra,
763 1255 828 1319 siue
849 1254 919 1332 hac,
936 1258 1126 1345 aequisque
1144 1256 1335 1344 gloriabitur

383 1378 450 1420 esse
461 1354 704 1442 philosophum:
728 1378 829 1441 quum
845 1371 983 1443 nequeat
998 1381 1109 1423 cavere
1123 1359 1334 1434 mendacium,

382 1470 438 1522 aut
454 1457 552 1521 alium
567 1456 802 1543 deprehendere
824 1460 1041 1524 mentientem.
1086 1464 1159 1526 Hoc
1174 1463 1287 1546 utique
1301 1464 1335 1526 iu

385 1580 579 1645 unaquaque
593 1557 762 1643 disciplina
776 1581 858 1645 opus
873 1560 1001 1626 scientis
1014 1574 1073 1625 est.
1109 1562 1223 1626 Videas
1237 1562 1335 1647 hujus

384 1660 628 1745 ignaros,quum
638 1659 679 1723 ab
688 1656 770 1737 aliis,
778 1658 1184 1748 selase,paralogiaentur‚
1193 1662 1337 1727 homines

385 1760 640 1837 Nicodemianos,
652 1782 751 1847 quum
767 1760 889 1824 luerint
904 1762 1100 1849 supplantati
1115 1763 1255 1828 dicentes
1268 1785 1336 1849 pras

385 1877 527 1950 stupore,
546 1865 686 1929 Domine
706 1866 857 1947 quomodo
874 1873 1015 1947 meunt
1035 1868 1216 1951 haecfiaril
1245 1863 1337 1931 Nihil

384 1978 490 2029 autem
506 1979 565 2041 est,
576 1966 665 2052 quod
680 1965 786 2030 miuus
800 1964 911 2029 deceat
926 1977 982 2030 aut
997 1965 1109 2051 glorias
1123 1977 1180 2029 aut
1195 1963 1336 2030 victoriae

384 2080 589 2154 captatorem.
636 2070 718 2131 Saue
738 2066 896 2151 litigiosus
916 2066 1092 2142 victoriam,
1107 2065 1248 2152 sophista
1266 2064 1337 2152 glo-

384 2168 463 2233 riam
483 2166 611 2256 quoerit,
636 2168 773 2254 finisque
797 2168 964 2256 utriusque
986 2166 1018 2232 in
1040 2166 1336 2254 disceptationibus,

385 2284 416 2335 et
446 2268 702 2335 contentionibus
730 2268 903 2357 plurimum
935 2270 1049 2356 placet.
1105 2269 1204 2335 Unde
1230 2282 1262 2335 et
1293 2268 1336 2336 ad

384 2371 525 2459 phrasim
546 2371 783 2447 conciliandam,
805 2385 837 2437 et
855 2370 954 2438 totius
974 2371 1185 2459 philosophiae
1207 2371 1336 2437 investi-

384 2472 537 2559 gationes,
550 2473 729 2560 sophistica
740 2476 926 2539 exercitatio
938 2473 1112 2560 plurimum
1124 2472 1268 2557 prodest:
1289 2472 1336 2537 ita

384 2586 500 2649 tamen,
522 2585 559 2637 ut
580 2572 708 2654 veritas,
723 2594 784 2637 uon
806 2573 993 2651 verbositas,
1008 2577 1050 2639 sit
1070 2574 1170 2660 hujus
1191 2574 1335 2639 exercitii

384 2674 520 2740 fructus.
564 2676 616 2739 Sic
631 2675 713 2740 enim
735 2674 878 2740 veritatis
893 2688 926 2740 et
946 2676 1110 2760 sapientia
1124 2676 1246 2741 famula
1266 2689 1332 2740 est:

383 2774 525 2861 alioquin
540 2776 696 2853 adultera,
712 2775 848 2862 prodens
864 2788 1039 2849 amatorem
1064 2798 1146 2859 quos
1160 2790 1336 2840 excoecatos
1390 2779 1393 2785 ’

384 2877 516 2963 exponit
531 2876 702 2955 erroribus,
717 2887 749 2939 et
762 2875 795 2940 iu
811 2873 1024 2961 precipitium
1041 2875 1140 2940 ducit.
1175 2876 1229 2940 Ait
1247 2876 1337 2959 Sapi-

384 2980 479 3053 entis,
497 2979 562 3052 Qui
578 2975 748 3063 sophistice
763 2977 920 3063 loquitur,
934 2976 1063 3042 odibilis
1076 2988 1143 3041 est:
1172 2976 1226 3040 sed
1243 2975 1336 3062 plane

383 3078 535 3145 odibilior
555 3092 613 3153 est,
635 3076 693 3163 qui
715 3077 886 3163 sophistice
906 3076 1005 3141 vivit:
1036 3098 1124 3141 error
1145 3076 1229 3142 euim
1250 3076 1336 3153 vita,

384 3203 482 3267 quam
498 3178 599 3257 verbi,
614 3177 828 3265 perniciosior.
872 3176 939 3243 Vix
954 3191 1002 3244 est
1024 3190 1129 3243 tamen
1143 3179 1201 3266 qui
1221 3178 1254 3243 in
1270 3177 1337 3243 vita

383 3304 446 3349 non
461 3282 606 3347 imitetur
617 3279 802 3366 sophistam,
812 3302 914 3365 quum
930 3280 976 3356 hi,
987 3280 1045 3367 qui
1059 3303 1125 3346 non
1140 3294 1226 3359 sunt,
1235 3278 1335 3347 velint

383 3384 485 3449 sideri
500 3383 587 3460 boni,
601 3396 635 3449 et
648 3382 709 3447 hoc
724 3382 825 3447 modis
835 3381 983 3448 omuibus
996 3397 1113 3469 agant3
1140 3385 1243 3471 etqui
1258 3385 1336 3450 boni

384 3498 470 3563 sunt,
485 3486 619 3551 aliorum
636 3506 721 3572 soepe
741 3483 970 3551 circumvenire
983 3500 1131 3572 quaerant
1146 3488 1281 3573 judicia,
1298 3501 1335 3551 ut

383 3588 526 3655 meliores
540 3610 637 3675 quam
654 3588 728 3665 sint,
742 3586 921 3654 videantur.
966 3588 1067 3664 Quod
1080 3588 1212 3673 quidem
1227 3601 1285 3664 est,
1301 3588 1335 3651 in

383 3690 506 3755 ratione
518 3688 657 3764 vivendi,
670 3687 845 3774 sophistam
861 3688 1015 3763 induerer
1038 3688 1065 3753 si
1081 3701 1185 3753 tamen
1199 3689 1334 3775 gloriam

384 3789 546 3877 propriam
576 3787 741 3852 simulator
771 3787 916 3854 affectat:
952 3809 1025 3852 nam
1059 3786 1085 3852 si
1117 3788 1269 3871 divinam,
1301 3804 1332 3855 et

383 3890 513 3975 quidem
528 3910 569 3955 ex
585 3889 727 3967 scientia,
742 3889 824 3954 forte
841 3888 957 3976 poterit
972 3890 1126 3955 excusari.

565 4062 643 4145 Cap.
659 4066 710 4125 23.
733 4061 786 4125 De
801 4062 989 4143 Sophisticis
999 4060 1161 4126 Elearchia.

428 4197 529 4261 Hanc
548 4195 658 4281 itaque
672 4195 704 4260 in
725 4194 864 4259 scholam
881 4194 1126 4281 Peripateticam
1144 4192 1334 4258 Aristoteles

382 4297 569 4377 introducit,
579 4312 612 4363 et
626 4297 822 4362 fallaciarum
835 4299 921 4364 nube
930 4295 1077 4383 depulsa,
1087 4295 1180 4360 docet
1195 4292 1334 4378 qualiter

383 4398 510 4465 admitti
525 4399 652 4478 debeat,
667 4411 724 4465 aut
746 4400 850 4464 vitari.
896 4397 989 4463 Vires
1007 4398 1078 4480 ejus
1099 4394 1260 4460 universas
1278 4415 1333 4461 ex-

831 4507 889 4564 na
