3625 5317
483 771 547 832 SM
745 781 1178 828 roauurssaaasaamausrs

486 935 617 1002 enimin
634 936 717 1000 albis
738 935 885 998 indutum
902 934 1015 997 videus
1034 944 1067 998 et
1082 933 1325 1019 pontificalibus
1339 937 1437 1018 insig-

486 1040 599 1118 nitum,
610 1039 755 1101 recolens
766 1035 896 1120 quidem
912 1034 954 1098 de
967 1037 1063 1098 rebus
1072 1037 1223 1099 humanis
1232 1050 1435 1121 exemptum

487 1141 508 1174 ‘⁴
524 1139 694 1216 Ubinam,”
720 1138 833 1221 inquit,
859 1147 961 1220 pater,
985 1135 1098 1218 degis?
1136 1137 1310 1209 Quomodo
1335 1137 1435 1202 viris?

488 1241 615 1314 Quidve
633 1241 703 1322 agis
714 1238 745 1304 ?”
778 1241 823 1302 Et
841 1241 906 1317 ille,
927 1241 948 1272 “
964 1239 1015 1301 lbi
1037 1240 1121 1314 riso,
1140 1240 1197 1302 ubi
1212 1238 1319 1314 rideo,
1337 1242 1438 1313 laetor,

485 1342 686 1427 perfungor?
724 1341 833 1404 atille
848 1339 926 1402 dum
944 1341 1189 1422 expergefactus
1202 1341 1273 1404 baec
1288 1340 1438 1415 res-olsit3

487 1454 660 1528 equatuor
673 1443 777 1506 serbis
797 1462 894 1504 unum
918 1443 979 1504 sibi
997 1440 1086 1504 dolet
1106 1442 1260 1524 elapsum.
1306 1443 1345 1504 lo
1365 1442 1437 1524 ipsa

488 1565 563 1608 rero
578 1545 702 1609 tristitia
712 1544 851 1628 quodam
866 1543 1058 1623 intervigilio
1070 1563 1182 1605 rocem
1196 1545 1259 1605 sibi
1269 1542 1437 1606 manifeste

488 1645 649 1710 dicentem
664 1644 763 1720 audit,
779 1645 903 1716 Laetor;
925 1655 958 1706 et
976 1643 1039 1705 hoc
1062 1642 1192 1726 quidem
1208 1645 1339 1707 verbum
1359 1644 1437 1707 ami·

488 1757 579 1809 terat.
626 1745 723 1810 Unde
739 1745 826 1809 etde
842 1744 947 1808 Patris
965 1744 1068 1824 gloria
1086 1742 1225 1827 amplius
1238 1746 1437 1818 certioratus.

489 1847 658 1931 plurimum
667 1845 1010 1920 exultavit,immensas
1018 1845 1135 1924 gratias
1146 1846 1438 1908 refereoscreatori.

488 1948 535 2012 Et
560 1959 595 2010 ut
619 1947 660 2010 arl
686 1947 837 2010 barbaros
864 1945 951 2007 beati
979 1946 1172 2008 confessoris
1194 1946 1438 2027 protenderetur

489 2048 608 2128 gloria;
630 2059 771 2110 matrona
792 2045 939 2128 quaetlam
961 2046 994 2107 in
1017 2046 1160 2126 partibus
1178 2046 1298 2109 Scotiae
1311 2068 1331 2109 a
1345 2047 1436 2109 uobi-

487 2148 572 2212 libus
587 2147 700 2229 Anglis
715 2148 831 2227 genita,
842 2157 876 2209 et
889 2146 923 2207 in
940 2144 1121 2209 Christiana
1135 2146 1288 2227 religione
1302 2146 1439 2210 circum·

489 2268 616 2331 quaque
631 2247 777 2330 probata,
791 2245 952 2328 Estryldis
970 2247 1112 2318 nomine,
1126 2246 1213 2327 gravi
1227 2247 1383 2327 languore
1395 2245 1438 2310 ad

489 2359 623 2409 mortem
643 2368 745 2430 usque
767 2345 907 2408 deducta
925 2359 983 2410 est
1034 2345 1099 2410 Sed
1115 2346 1246 2410 tandem
1265 2347 1352 2410 beati
1373 2349 1439 2410 An·

490 2444 583 2507 solmi
609 2446 751 2526 cingulo,
774 2445 815 2506 de
844 2466 910 2527 quo
928 2447 997 2528 jam
1027 2447 1181 2520 diximus,
1206 2447 1315 2510 cincta
1342 2449 1438 2531 pleae

490 2546 661 2610 convaluit.
717 2546 780 2608 Hie
808 2545 960 2619 interfuit,
989 2547 1059 2610 hoec
1090 2547 1171 2611 sidit
1198 2558 1233 2611 et
1259 2551 1440 2632 procurarit

485 2646 632 2732 jucunda
647 2645 868 2710 recordatione
888 2645 1007 2726 diguus
1027 2648 1197 2711 Edmenrs.
1243 2650 1282 2711 lu
1297 2649 1438 2712 Cauma-

489 2749 588 2812 riensi
610 2749 747 2813 ecclesia
769 2759 863 2812 acuta
883 2749 971 2812 sebre
992 2750 1158 2813 laborabat
1178 2752 1271 2813 trater
1292 2763 1439 2832 aegrotus.

490 2851 598 2924 Quum
628 2869 704 2930 ergo
741 2848 937 2913 medicorum
970 2870 1063 2912 omne
1094 2863 1234 2914 cesserat
1262 2851 1439 2927 auxilium

489 2962 664 3014 memorato
679 2949 808 3031 cingulo
828 2947 1057 3012 circumdatum
1072 2961 1123 3013 est
1136 2952 1255 3013 collum
1269 2951 1350 3034 ejus,
1365 2972 1439 3034 pro·

491 3059 622 3112 curante
644 3048 795 3126 Edmero,
821 3058 854 3111 et
876 3059 1007 3111 sanatus
1032 3062 1089 3111 est
1135 3050 1291 3114 Mulieres
1310 3072 1440 3135 quoque

491 3149 673 3211 laborantes
695 3148 727 3210 in
749 3159 841 3229 partu
861 3161 942 3229 quot
959 3169 998 3210 eo
1017 3148 1147 3228 cingulo
1170 3149 1288 3234 adjutae
1310 3163 1387 3214 sunt
1406 3152 1440 3215 in

492 3249 671 3330 puerperio,
692 3249 804 3310 reterre
824 3269 889 3310 uon
911 3249 1061 3331 expedit;
1088 3251 1164 3334 quia
1186 3253 1282 3314 nimis
1308 3255 1440 3334 longum

490 3360 523 3410 et
541 3347 651 3409 multis
670 3357 792 3408 notum.
836 3349 963 3412 Eodem
986 3351 1116 3430 cingulo
1132 3367 1262 3416 sanatus
1282 3367 1333 3417 est
1346 3341 1441 3418 sister

491 3448 561 3512 sine
590 3447 677 3511 omni
706 3459 847 3532 ruptura,
877 3453 929 3513 cui
959 3451 1020 3515 sub
1048 3455 1203 3517 umbilico
1238 3455 1272 3518 iu
1308 3455 1442 3519 modum

491 3552 623 3636 sphaerae
655 3549 830 3630 grandioris
859 3552 975 3632 ingens
1004 3556 1167 3618 coaluerat
1196 3568 1307 3620 tumor.
1363 3558 1439 3620 Hoc

491 3652 729 3716 cantuariensis
759 3653 847 3716 novit
875 3655 1032 3729 ecclesia3
1063 3658 1214 3738 quoniam
1243 3659 1291 3720 ibi
1319 3659 1440 3722 sactum

492 3749 618 3819 celebre
635 3765 691 3814 eet.
738 3753 907 3836 Elphegus
923 3755 1065 3836 quidam,
1080 3757 1167 3841 quod
1181 3759 1311 3840 publice
1328 3769 1442 3823 notum

490 3855 549 3924 est,
565 3867 583 3910 a
598 3848 760 3911 nativitate
777 3871 892 3923 caecus,
906 3851 1031 3931 surdus,
1046 3868 1152 3918 mutus
1167 3865 1236 3917 erat
1248 3867 1282 3917 et
1295 3855 1439 3918 claudus.

490 3949 535 4012 Et
555 3947 616 4012 hoc
640 3948 768 4033 quidem
788 3952 919 4034 publice
938 3963 1060 4018 uotum.
1107 3957 1184 4029 Hic,
1199 3957 1283 4018 sicut
1298 3977 1441 4038 praseae

490 4061 623 4139 testatur
641 4051 722 4125 dies,
736 4049 778 4115 ad
801 4051 1006 4138 sepulchrum
1025 4057 1113 4120 beati
1134 4057 1288 4134 anselmi,
1308 4058 1439 4141 plenam

488 4152 521 4213 in
544 4151 595 4214 his
618 4154 766 4216 omuibus
781 4157 899 4236 recepit
917 4157 1093 4220 sanitatem.
1140 4159 1253 4222 Vicum
1277 4158 1438 4241 quendam

489 4252 574 4316 beati
595 4252 761 4316 Edmuudi
781 4254 966 4317 incendium
987 4259 1169 4340 occuparit,
1183 4271 1217 4322 et
1236 4259 1368 4323 domum
1383 4279 1440 4322 cu·

485 4349 611 4442 jusdam
644 4353 698 4434 qui
725 4353 810 4414 beati
838 4355 980 4417 Anselmi
1004 4354 1154 4422 alumnus
1179 4361 1280 4422 luerat
1304 4372 1337 4421 ct
1359 4359 1440 4422 nibil
