3625 5317
435 966 493 1029 est,
520 952 575 1015 sed
602 962 744 1027 aetatum,
770 948 925 1025 locorum,
953 964 1145 1039 temporum,
1173 954 1389 1044 aliorumque,

433 1072 508 1138 qun
522 1051 683 1139 sigillatim
700 1050 827 1127 referre,
843 1050 963 1115 adrem
978 1067 1167 1138 presentem
1179 1076 1242 1119 non
1257 1058 1387 1126 attinet:
1431 1070 1437 1081 '

432 1176 534 1241 quum
564 1152 669 1217 omnia
696 1175 717 1217 a
745 1166 868 1218 naturoe
897 1152 1024 1217 officina
1051 1157 1250 1240 proveniant.
1294 1158 1388 1226 Adeo

431 1256 561 1343 quidem
585 1255 704 1320 assidet
730 1256 856 1341 poetica
883 1255 980 1320 rebus
1009 1256 1221 1335 naturalibus,
1248 1274 1285 1325 ut
1314 1284 1385 1327 eam

430 1358 575 1445 plerique
597 1360 783 1445 negaverint
803 1358 1021 1443 grammatioae
1042 1357 1178 1443 speciem
1200 1382 1280 1440 esse,
1302 1384 1387 1427 asae-

429 1472 537 1524 rentes
550 1482 619 1523 eam
635 1482 702 1523 esse
716 1471 815 1522 artem
832 1478 889 1543 per
910 1479 954 1530 se,
969 1478 1027 1521 neo
1045 1459 1149 1543 magia
1168 1458 1210 1522 ad
1225 1482 1384 1544 gramma-

430 1562 536 1639 ticam,
548 1581 645 1649 quam
661 1560 703 1624 ad
718 1556 923 1625 Rhetoricam
935 1559 1111 1644 pertinere:
1135 1559 1260 1625 affinem
1276 1576 1383 1628 umen

430 1662 571 1748 utrique,
584 1682 622 1725 so
635 1660 808 1747 quodcum
824 1660 875 1723 his
886 1658 1002 1723 habent
1016 1672 1176 1746 praecepta
1192 1663 1382 1731 eommunia.

429 1764 612 1850 Ringantur
629 1785 724 1849 super
748 1762 808 1826 hoc
827 1762 884 1847 qui
908 1759 1067 1827 voluerint
1090 1762 1169 1843 (non
1192 1764 1275 1829 enim
1300 1766 1384 1833 hano

428 1866 586 1951 protendo
605 1862 704 1946 litem)
720 1860 775 1927 sed
798 1866 941 1927 omnium
961 1884 1050 1949 pane,
1066 1863 1180 1949 opinor
1202 1879 1239 1930 ut
1260 1866 1301 1930 sit
1315 1868 1385 1934 haeo

430 1965 471 2028 ad
493 1963 731 2049 grammaticam
753 1962 930 2041 referenda,
947 1978 1101 2049 tanquam
1123 1964 1164 2028 ad
1188 1979 1335 2047 matrem,
1350 1984 1385 2035 ot

430 2065 571 2130 altrioem
601 2062 700 2127 studii
729 2061 789 2127 sui.
845 2060 937 2127 Lioet
965 2076 1075 2129 autem
1110 2077 1225 2131 neutra
1254 2067 1382 2134 illarum

429 2164 558 2231 omnino
572 2160 727 2229 naturalis
748 2161 799 2237 sit,
816 2176 904 2228 etex
924 2165 1065 2230 maxima
1081 2180 1172 2253 parte
1191 2169 1382 2236 substautias

431 2288 498 2332 suoe
519 2264 691 2341 hominem,
714 2263 772 2350 qui
792 2284 844 2327 eas
861 2263 993 2341 invenit,
1016 2280 1154 2355 utraque
1175 2270 1287 2336 laudet
1308 2295 1383 2338 auo-

431 2382 544 2446 torem,
558 2380 673 2432 natura
692 2379 794 2431 tamen
817 2365 938 2453 aliquid
955 2367 1037 2452 juria
1060 2368 1120 2434 sibi
1140 2371 1296 2437 vendicat.
1343 2380 1382 2440 in

430 2484 567 2557 utraque
582 2469 734 2555 proiecto,
749 2481 805 2533 aut
821 2470 977 2556 poeticam
991 2473 1198 2556 grammatica
1211 2474 1381 2553 obtinebit,

429 2584 486 2637 ant
501 2570 623 2657 poetica
638 2590 803 2634 enumero
825 2570 1004 2636 liberalium
1022 2573 1263 2660 disciplinarum
1277 2577 1382 2641 elimi-

428 2672 567 2736 nabitur.

434 793 475 848 46
689 802 826 846 ioannis
842 800 1121 847 sannsnnarsnsrs
1263 786 1345 867 [nna.
1363 810 1387 855 1.

1629 2394 1630 2432 i

495 2855 574 2943 Cap.
594 2859 642 2919 18.
675 2855 763 2925 Quid
785 2856 876 2937 sequi
901 2856 1023 2935 doceat²
1049 2864 1081 2921 et
1104 2860 1185 2939 quid
1207 2862 1312 2925 nitore

788 2958 1015 3036 grammatino.

469 3096 652 3158 Tnanrrnu
682 3088 812 3173 quidem
839 3101 899 3166 eat,
922 3094 1170 3171 grantmtioam
1200 3114 1266 3157 ease
1293 3103 1378 3158 ronta

426 3194 593 3269 scribendi,
615 3196 760 3270 rosisque
787 3191 938 3271 loquendi
961 3193 1135 3253 mannam.
1190 3196 1288 3257 Roote
1308 3194 1379 3279 qui-

426 3293 499 3358 dem
521 3288 651 3365 dicitur,
672 3302 706 3351 ut
728 3284 840 3350 vitium
861 3286 1024 3352 excludat.
1049 3302 1086 3352 ut
1109 3286 1227 3352 scilieet
1248 3294 1281 3353 in
1303 3298 1381 3359 seri.

426 3392 531 3459 bendo
550 3400 703 3476 sequatur
722 3388 997 3472 orthographiam,
1013 3386 1045 3450 in
1066 3387 1239 3473 loquendo,
1252 3393 1330 3457 artis
1345 3407 1378 3459 et

427 3518 504 3563 usus
528 3490 761 3557 alletoritatem.
808 3488 846 3551 In
876 3510 915 3551 eo
943 3500 1051 3553 autem
1076 3489 1316 3579 orthographia,
1342 3498 1377 3561 id

426 3606 483 3673 est,
507 3606 594 3659 recta
617 3591 775 3675 scriptura
800 3588 956 3665 consistit,
984 3601 1022 3654 ut
1044 3614 1182 3678 quoeque
1204 3592 1296 3660 iitera
1318 3619 1379 3661 sno

425 3708 565 3782 ponatur
587 3691 666 3768 looo,
686 3710 744 3753 nec
772 3688 902 3753 alterius
924 3704 1058 3775 usurpet
1081 3694 1220 3757 officium
1243 3709 1299 3760 aut
1322 3696 1376 3760 de·

425 3807 519 3864 serat.
565 3789 672 3875 Loqui
694 3802 813 3864 autern,
837 3804 883 3854 ast
905 3790 1076 3856 articulata
1097 3806 1129 3857 et
1151 3794 1279 3860 literato
1299 3819 1376 3861 voce

424 3920 518 3964 suum
542 3889 744 3976 interpretari
769 3889 978 3957 intellectum.
1026 3894 1110 3958 Nam
1137 3898 1224 3981 quod
1247 3898 1377 3977 dicitur,

423 4004 511 4064 „utu
525 3996 689 4076 signisque
706 3992 895 4072 loquuntur,
910 4014 931 4055 a
945 3994 1097 4057 sermonis
1112 3996 1307 4079 proprietate
1327 4020 1376 4061 re·

423 4096 518 4163 aedit.
562 4096 664 4157 Recte
684 4089 814 4175 quidem
834 4092 935 4175 loqui,
954 4103 1002 4155 est
1023 4092 1191 4158 soioeciami
1210 4109 1243 4160 et
1263 4096 1377 4161 barba-

424 4198 509 4267 rismi
525 4194 639 4259 vitium
663 4192 695 4253 in
717 4212 859 4255 sermone
874 4190 1042 4257 declinare.
1088 4196 1149 4260 Eat
1164 4209 1271 4262 autem
1287 4200 1373 4262 Bor-

421 4304 590 4372 boriamuo,
616 4294 788 4374 corruptio
809 4294 958 4356 dictionis
982 4314 1047 4357 noa
1073 4297 1232 4376 borborae,
1255 4302 1292 4364 id
1315 4308 1372 4377 eat,

423 4420 498 4481 qrcoe
512 4400 630 4461 &aaa
640 4394 693 4466 ait,
703 4392 908 4455 narnatino.
940 4392 975 4458 Si
985 4390 1068 4456 enim
1080 4396 1225 4461 Barbara
1236 4397 1374 4463 dictione
