3625 5317
494 772 554 833 130
749 782 885 827 corruis
902 780 1184 826 saassnanrsasrs
1295 766 1381 841 [cta.
1397 784 1447 829 111·

491 952 525 1005 ot
548 935 623 1023 quia
644 934 675 999 ei
697 955 717 998 a
738 932 898 1020 plerisque
920 930 1056 1018 amplius
1080 931 1264 1016 derogatur,
1285 954 1325 997 sc
1351 933 1447 998 vobe-

492 1035 896 1102 mcntiuscommendatur:
912 1034 1041 1099 utonim
1051 1034 1096 1099 ait
1109 1033 1306 1113 Aristotcles,
1317 1040 1446 1125 omnino

491 1142 665 1221 insistenti,
679 1142 809 1203 omnino
822 1146 869 1203 ert
882 1140 1133 1203 adversandum.

494 1403 573 1489 Cap.
590 1410 619 1466 4.
646 1404 720 1477 Quo
736 1400 780 1465 sit
794 1400 954 1485 conceptio
969 1409 1000 1461 ct
1015 1398 1139 1462 utilitas
1153 1398 1442 1476 Pericrmcnicrum,

755 1500 804 1565 cel
816 1500 931 1564 rectius
947 1499 1182 1565 Periermeaics.

538 1666 649 1731 Linon
674 1660 970 1739 Periermcniarum‚
996 1660 1045 1724 vel
1072 1661 1179 1747 potius
1202 1660 1442 1737 Periermenias,

492 1769 613 1834 ratione
628 1764 840 1853 proportionis
861 1761 1034 1849 syllabicus
1046 1774 1106 1842 est,
1121 1762 1204 1828 sicut
1220 1762 1444 1849 praedicamen-

492 1883 598 1937 torum
621 1868 863 1934 elementarius:
893 1888 965 1928 nam
992 1864 1148 1930 elementa
1172 1866 1344 1944 rationum,
1368 1886 1443 1951 quse

492 1970 674 2057 singulatim
711 1968 810 2034 tradit
846 1968 878 2030 in
910 1967 1107 2031 sermonibus
1135 1967 1355 2054 incomplexis,
1381 1968 1442 2032 iste

492 2071 626 2157 colligit,
642 2083 675 2135 et
695 2070 726 2135 in
746 2069 877 2133 modum
899 2067 1031 2154 syllabis
1051 2068 1278 2155 comprehensa
1294 2070 1443 2157 producit

491 2172 532 2238 ad
549 2171 614 2237 veri
630 2170 764 2257 falsique
780 2168 1050 2256 significationem.
1094 2174 1208 2237 Tantae
1222 2170 1353 2260 quidem
1369 2171 1442 2236 sub-

492 2272 617 2339 tilitatis
631 2288 679 2339 est
694 2273 824 2337 habitus
839 2272 880 2337 ab
895 2272 1048 2358 antiquis,
1063 2284 1100 2337 ut
1113 2273 1146 2337 in
1163 2273 1357 2359 praeconium
1372 2275 1441 2360 ejus

491 2372 684 2441 celebratum
713 2374 794 2439 ierat
819 2372 981 2438 Isidorus:
1006 2375 1083 2461 quia
1106 2374 1292 2441 Aristoteles
1313 2374 1441 2462 quando

491 2476 718 2544 Periermenias
728 2474 939 2562 scriptitabat,
950 2475 1100 2540 calamum
1115 2477 1149 2540 ia
1163 2488 1261 2541 mente
1271 2475 1437 2561 tinpusbat.

492 2580 653 2644 Caeterum
673 2581 719 2659 (ut
740 2600 817 2665 pace
837 2579 980 2642 omnium
1001 2578 1128 2665 loquar)
1150 2577 1307 2665 quicquid
1326 2579 1360 2643 in
1380 2578 1440 2643 isto

488 2684 623 2747 docetur
646 2680 740 2759 libro,
766 2679 1022 2767 compendiosius
1043 2693 1075 2745 et
1099 2679 1298 2744 manifestius
1322 2680 1439 2767 poterit

489 2784 625 2873 quilibet
649 2784 828 2858 doctorum,
856 2780 943 2870 quod
970 2781 1121 2847 etmulti
1149 2780 1284 2858 faciunt,
1308 2794 1441 2868 excepta

489 2890 665 2951 reverentia
691 2884 871 2959 verborum,
899 2883 932 2946 in
959 2882 1188 2949 doctrinalibus
1212 2904 1326 2969 parare
1355 2883 1440 2948 rudi·

465 2987 613 3077 mentis,
645 3010 726 3075 quas
754 2983 1006 3052 introductiones
1036 2999 1168 3051 vocant:
1202 2988 1257 3049 rix
1281 2996 1331 3049 est
1356 2984 1438 3050 enim

489 3090 615 3179 aliquis,
638 3089 694 3177 qui
718 3088 787 3153 haec
809 3089 878 3175 ipsa
898 3110 961 3152 non
983 3086 1107 3163 doceat,
1127 3086 1261 3174 adjectis
1283 3084 1364 3169 aliis,
1377 3110 1439 3151 non

490 3191 595 3254 minus
617 3188 806 3254 necessariis.
854 3192 927 3253 Hoc
949 3190 1073 3275 utique,
1096 3189 1174 3276 quia
1195 3188 1262 3254 sine
1283 3188 1345 3271 hia,
1364 3189 1442 3255 artis

488 3291 619 3354 scientia
649 3288 824 3373 comparari
851 3310 913 3351 non
939 3302 1055 3375 potest.
1105 3292 1303 3356 Percurrunt
1329 3291 1438 3379 itaque

488 3390 567 3477 quid
590 3410 715 3469 nomen,
736 3387 814 3475 quid
832 3388 978 3466 verbum,
995 3391 1075 3478 quid
1097 3389 1211 3474 oratio,
1225 3413 1299 3478 quaa
1320 3392 1440 3481 specics

486 3494 567 3578 ejus,
592 3512 665 3577 quoe
690 3492 771 3555 vires
793 3489 1064 3567 enunciationum,
1091 3492 1171 3581 quid
1194 3517 1235 3559 ex
1260 3494 1438 3583 quantitate

487 3595 672 3671 sortiantur,
696 3608 751 3660 aut
766 3592 932 3681 qualitate,
954 3617 1029 3682 quae
1043 3594 1252 3662 determinate
1267 3619 1350 3661 verae
1364 3608 1439 3661 sunt

486 3709 543 3761 aut
557 3696 656 3774 falsa,
673 3720 745 3783 quac
760 3696 880 3783 quibus
901 3696 1139 3783 aequipolleant,
1153 3719 1228 3784 quoe
1242 3698 1436 3764 consentiant

486 3796 557 3876 sibi,
580 3820 656 3884 quae
680 3797 880 3875 dissentiant,
905 3822 981 3887 quae
1006 3798 1180 3883 praedicata
1200 3799 1339 3882 divisim,
1362 3820 1436 3888 quar

486 3897 679 3983 conjunctim
695 3898 920 3985 praedicentur,
934 3912 991 3963 aut
1013 3900 1202 3977 conversim,
1217 3915 1249 3965 et
1266 3924 1340 3985 quae
1355 3923 1434 3965 non:

485 4000 560 4062 item
582 4022 656 4085 quae
679 3999 719 4064 sit
740 4012 855 4064 natura
875 4000 1060 4077 modalium,
1075 4015 1108 4066 et
1130 4024 1206 4089 quae
1226 4002 1436 4088 singularium

483 4099 701 4164 contradictio.
739 4102 786 4163 ¹ln
817 4100 866 4164 his
896 4115 1003 4165 autem
1034 4103 1179 4169 articulis
1207 4103 1312 4190 operis
1340 4103 1436 4191 hujus

484 4202 643 4291 praecipue
669 4224 792 4266 summa
814 4203 979 4278 consistit;
1012 4204 1176 4292 habetque
1199 4205 1282 4270 sicut
1312 4218 1435 4270 senteu-

483 4307 598 4369 tiarum
615 4301 836 4377 subtilitatem,
853 4303 899 4368 ita
921 4326 982 4368 non
1005 4307 1193 4371 mediocrem
1215 4304 1435 4372 difficultatem

482 4408 661 4472 verborum.
707 4404 863 4491 Utrisque
888 4429 961 4471 vero
982 4407 1130 4473 habenda
1150 4421 1198 4473 est
1219 4409 1335 4493 gratia,
1357 4430 1435 4494 quo-
