3625 5317
397 796 468 842 css.
484 778 570 862 m]
758 790 1001 845 usrsnoorcus.
1196 838 1200 844 .
1290 783 1352 847 111

396 958 516 1031 potest:
551 947 653 1035 igitur
682 970 739 1013 uec
769 949 908 1014 interire.
955 951 1037 1013 Hinc
1071 946 1126 1013 ille
1160 951 1192 1013 iu
1223 952 1348 1015 Tuscu-

393 1045 485 1125 lanis,
517 1062 553 1114 ut
583 1062 614 1114 et
643 1054 709 1115 vim
745 1048 997 1126 deliberativam,
1028 1050 1182 1115 rationem
1212 1052 1344 1131 seilicet,

390 1147 533 1215 divinam
549 1149 691 1237 quidem,
706 1164 739 1217 et
753 1152 874 1216 animos
889 1152 1054 1216 bominum
1068 1175 1135 1217 esse
1148 1152 1344 1221 immortales

391 1252 516 1317 doceat.
561 1256 643 1318 Hoec
657 1254 800 1341 quidem,
815 1254 856 1318 de
871 1254 1016 1341 passione
1036 1276 1199 1333 sensuum,
1215 1270 1246 1323 et
1270 1259 1345 1324 viri-

389 1350 462 1431 bus,
484 1365 517 1418 et
539 1353 696 1439 dignitate
718 1355 842 1430 enimse,
865 1353 968 1418 multa
993 1354 1152 1421 brevitate
1176 1357 1343 1441 perstricta

388 1465 477 1529 suut,
500 1466 537 1518 ut
558 1464 727 1532 constaret,
749 1456 837 1541 quia,
856 1468 896 1519 ut
916 1454 961 1519 ait
983 1454 1186 1531 Aristoteles,
1203 1478 1255 1520 ars
1276 1456 1342 1521 sive

386 1553 519 1617 scientis
532 1555 685 1638 originem
702 1555 800 1621 trabit
814 1578 834 1619 a
848 1574 951 1619 sensu.
997 1556 1031 1619 Si
1051 1554 1124 1640 quis
1146 1558 1230 1620 enim
1246 1556 1341 1622 vellet

386 1652 430 1715 de
445 1654 566 1718 viribus
580 1655 694 1720 animm
703 1655 863 1742 copiosius
877 1653 1054 1740 disputare,
1066 1655 1200 1719 materia
1215 1654 1343 1718 subtilis

386 1755 547 1839 ingenium
563 1770 704 1832 acutum,
720 1777 867 1842 capacem
889 1753 1084 1829 memoriam,
1099 1772 1131 1820 et
1151 1753 1340 1840 expeditum

382 1858 486 1921 otium
506 1879 663 1943 quaerens,
678 1880 750 1924 cum
772 1857 880 1922 studio
901 1854 1059 1941 diligenti,
1073 1856 1105 1919 in
1125 1858 1338 1921 maximorum

387 1957 587 2023 voluminum
611 1958 825 2044 quantitatem
853 1964 1045 2043 erumperet.
1090 1957 1155 2036 Qui
1186 1980 1261 2023 vero
1286 1982 1341 2023 na-

386 2072 492 2125 turam
520 2061 634 2125 animae
660 2059 846 2145 diligentius
869 2057 1060 2145 investigare
1082 2058 1252 2139 voluerint,
1275 2084 1338 2126 non

386 2160 484 2225 modo
498 2161 651 2238 Platonis,
667 2161 858 2237 Aristotelis,
871 2161 1046 2239 Ciceronis,
1060 2176 1093 2227 et
1108 2175 1251 2228 veterum
1267 2163 1339 2249 phi·

387 2258 592 2348 losophorum
616 2261 733 2347 scripta
753 2261 930 2337 revolvant,
946 2261 1002 2327 sed
1024 2264 1235 2349 patmm‚qui
1259 2268 1340 2329 veri-

385 2372 484 2425 tatem
509 2360 634 2426 fidelius
655 2374 888 2448 expresserunt.
935 2364 1021 2426 Nam
1042 2374 1075 2425 et
1097 2363 1252 2427 Doctores
1273 2365 1338 2429 Ec·

382 2461 496 2539 clesiae,
519 2474 551 2527 et
574 2475 646 2549 post
668 2485 722 2529 eos
744 2462 954 2539 Claudianus,
976 2472 1009 2525 et
1033 2460 1089 2527 alii
1112 2463 1337 2544 moderniores,

382 2562 423 2627 de
437 2564 542 2629 anima
561 2564 663 2628 multa
684 2564 889 2652 scripserunt,
902 2584 986 2648 quos
1008 2562 1034 2627 si
1056 2562 1128 2647 quis
1146 2586 1209 2627 non
1230 2578 1336 2651 potest

382 2664 538 2745 evolvere,
554 2665 602 2729 rel
615 2668 923 2749 Plrrenouprlpsicon
937 2666 1035 2749 legat,
1044 2664 1161 2729 librum
1176 2665 1218 2731 de
1232 2666 1337 2732 anima

381 2766 593 2851 copiosissime
608 2766 837 2852 disputantem.
880 2767 968 2830 Eum
984 2779 1089 2829 tamen
1104 2765 1173 2829 aliis
1186 2768 1335 2834 omnibus

381 2887 443 2931 non
458 2888 622 2955 praepono.
668 2867 731 2933 Sed
748 2867 816 2931 haec
830 2866 1001 2931 hactenus:
1025 2887 1110 2929 nunc
1131 2864 1173 2929 ad
1193 2868 1336 2952 proposi.

381 2980 449 3033 tum
466 2968 642 3034 redeamus.

379 3156 459 3243 Cap.
483 3161 536 3222 ⁴21.
560 3157 652 3231 Quod
669 3156 933 3239 precedentibus,
956 3156 1016 3221 etsi
1037 3174 1104 3217 non
1126 3156 1331 3242 sufficienter,

421 3260 603 3323 Aristoteles
644 3258 776 3340 aliquod
804 3260 1076 3341 hypotheticorum
1118 3258 1332 3323 seminarium

423 3362 523 3425 dedit.

422 3480 660 3546 Drsnscrrcms
682 3492 716 3544 et
738 3478 988 3565 Apodeicticam,
1000 3498 1101 3564 quam
1121 3500 1181 3545 nos
1201 3478 1331 3546 demon-

381 3580 544 3644 strativam
561 3580 711 3658 dicimus,
727 3580 940 3666 precedentis
959 3579 1088 3645 docent:
1114 3580 1147 3643 in
1166 3579 1206 3645 iis
1225 3593 1332 3647 tamen

380 3680 420 3745 de
435 3681 650 3769 hypotheticis
665 3681 856 3769 syllogismis
871 3681 961 3761 nihil,
975 3694 1032 3745 aut
1046 3703 1173 3767 parum,
1186 3696 1234 3747 est
1253 3682 1330 3749 acti-

379 3795 494 3851 tatum.
541 3782 750 3849 Seminarium
767 3796 873 3848 tamen
890 3782 1004 3846 datum
1018 3794 1066 3846 est
1081 3783 1123 3848 ab
1146 3784 1330 3864 Aristotele,

379 3898 416 3949 ut
431 3898 463 3950 et
484 3886 577 3963 istuc,
593 3908 650 3970 per
673 3884 861 3951 industriam
885 3884 1032 3960 aliorum,
1047 3883 1146 3970 possit
1168 3908 1235 3949 esse
1257 3909 1331 3972 pro·

378 4008 494 4053 cessus.
540 3989 647 4065 Quum
660 3986 742 4051 enim
760 4000 824 4051 tam
843 3984 1174 4071 probabilium,qusm
1190 4008 1332 4053 necessa-

375 4088 496 4153 riorum
513 4088 572 4154 loci
588 4088 753 4155 monstrati
766 4088 842 4163 sint,
857 4101 1019 4152 ostensum
1034 4100 1094 4166 est,
1107 4085 1186 4173 quid
1209 4111 1249 4151 ex
1265 4110 1330 4173 quo

376 4189 525 4276 sequitur
543 4190 763 4278 probabiliter,
778 4200 835 4253 aut
856 4191 1040 4255 necessario.
1084 4188 1178 4264 Quod
1199 4187 1329 4273 quidem

373 4288 415 4355 ad
438 4291 716 4378 hypotheticorum
737 4287 889 4355 indicium
911 4288 1048 4354 maxime
1068 4299 1202 4373 spectat,
1222 4302 1260 4351 ut
1280 4310 1328 4353 ar-

373 4391 485 4468 bitror,
510 4406 546 4457 ut
564 4390 791 4478 consequentia
812 4405 945 4457 constet.
989 4390 1149 4454 Praeterea
1172 4389 1327 4457 Boethius

419 4514 490 4559 vot..
506 4514 538 4559 v.
832 4513 855 4556 rr
