3625 5317
488 752 552 815 250
737 766 883 813 acturus
899 766 1173 812 sanusnenrnuars

576 918 641 983 Sed
657 918 752 981 tinem
769 919 858 1001 pacis
872 929 1017 1001 tempora
1031 919 1120 983 nulla
1135 918 1268 983 dabunt

490 1022 573 1083 Vera
588 1020 679 1104 quies
695 1018 796 1083 aderit
812 1028 900 1093 tuuc,
916 1039 1014 1101 quum
1030 1040 1105 1082 caro
1120 1020 1250 1084 subdita
1264 1022 1363 1085 menti

523 1198 528 1205 1
577 1122 682 1184 Morte
699 1118 894 1203 triumphata
910 1120 1167 1203 spiritualium,

491 1222 536 1285 Et
551 1242 626 1286 caro
640 1223 685 1285 nil
700 1220 825 1305 recipit,
839 1220 900 1285 nisi
917 1221 1002 1304 quod
1019 1222 1140 1285 ratione
1155 1226 1318 1306 probatur,
1378 1231 1439 1287 ott

576 1325 621 1388 Et
634 1334 771 1387 mentem
788 1344 901 1408 puram
918 1322 1022 1385 firmat
1035 1324 1163 1408 agitque
1179 1324 1280 1390 Deus.

493 1426 612 1489 Unitur
626 1425 727 1489 menti
741 1446 815 1488 caro
830 1423 960 1487 subdita
975 1446 1130 1507 mensque
1145 1427 1257 1491 beatur

578 1527 681 1591 Plena
695 1526 786 1590 Deo:
810 1525 909 1588 finem
923 1546 991 1587 non
1006 1526 1104 1589 babet
1118 1527 1179 1589 ista
1193 1528 1295 1611 quies.

614 1626 707 1703 Quod
720 1626 858 1691 mundus
872 1646 939 1688 non
954 1626 1048 1689 tabet
1062 1647 1169 1689 oerum
1183 1648 1305 1709 pacem.

490 1733 566 1796 Non
581 1731 680 1795 habet
693 1730 777 1794 hanc
793 1727 943 1806 mundus,
958 1727 1014 1811 qui
1028 1729 1112 1806 lites,
1126 1728 1222 1807 bello,
1237 1731 1367 1813 rapinas

576 1832 714 1895 Praestat
727 1842 759 1894 et
772 1829 921 1893 humanis
936 1828 1080 1891 caedibus
1095 1851 1195 1913 usque
1210 1831 1327 1906 madet,
1375 1838 1438 1896 tto

488 1934 554 2007 Qui
569 1932 678 1997 sordes
692 1931 785 2017 parit,
801 1940 904 2013 auget,
920 1941 1013 2007 amat,
1029 1930 1084 2014 qui
1100 1930 1181 1995 fallit
1196 1943 1347 2011 amantes,

575 2034 785 2116 Cultoreaque
800 2053 876 2096 suos
891 2032 1122 2095 commaculare
1137 2034 1231 2095 solet.

641 2134 733 2208 Quod
742 2135 854 2214 gratia
870 2133 936 2197 Dei
949 2133 1007 2195 dot
1020 2153 1126 2196 ceram
1141 2135 1287 2214 quierem.

490 2238 585 2300 Hauc
595 2236 737 2320 requiem
749 2256 841 2299 sacra
849 2235 968 2318 scripta
977 2234 1105 2311 docent,
1118 2235 1176 2299 sed
1191 2237 1293 2318 gratia
1301 2250 1439 2320 prestat,

574 2338 647 2410 Qua
661 2337 730 2400 sine
745 2338 835 2399 nulla
851 2337 943 2421 quies
957 2337 1050 2421 pacis
1065 2357 1195 2400 amoena
1210 2336 1311 2400 datur.

489 2438 573 2503 Nam
589 2437 727 2518 gaudere
742 2438 850 2513 semel,
865 2437 978 2501 iterum
995 2437 1132 2517 gaudere
1142 2438 1295 2523 jubemur
1373 2444 1436 2501 555

576 2541 615 2603 In
632 2538 782 2614 Domino,
799 2538 856 2623 qui
871 2538 927 2603 dat
940 2538 1060 2621 gaudia
1073 2539 1173 2623 dupla
1185 2540 1263 2603 suis.

488 2644 526 2707 In
542 2664 599 2727 spe
614 2661 700 2706 nunc
716 2640 861 2723 gaudens
876 2641 1002 2704 animus
1015 2641 1185 2719 letabitur,
1199 2642 1231 2705 in
1247 2663 1280 2705 re

575 2744 712 2808 Sumena
726 2740 848 2805 militiae
862 2740 995 2826 praemia
1009 2742 1104 2824 plena
1119 2762 1196 2805 suae.

724 2842 775 2907 De
784 2843 907 2925 gaudio
921 2842 1020 2923 duplo
1033 2851 1064 2906 et
1079 2844 1203 2924 simplo.

485 2946 622 3012 Praemia
637 2946 820 3031 duplantur,
835 2966 934 3030 quum
948 2965 1050 3022 mens,
1065 2966 1140 3009 caro
1156 2944 1384 3027 glorificantur,

572 3048 607 3112 Si
622 3048 713 3111 sitin
728 3048 887 3123 alterutro,
902 3043 1015 3128 gloria,
1028 3045 1146 3129 simpla
1160 3046 1262 3110 datur·
1374 3050 1436 3108 too

484 3148 553 3213 Sed
569 3150 695 3233 quoties
709 3148 822 3211 animm
836 3147 993 3232 praecedit
1007 3147 1117 3229 gloria,
1132 3158 1269 3225 constat,

573 3247 669 3322 Quod
685 3268 760 3311 caro
775 3268 833 3331 pro
848 3248 969 3311 meritis
983 3270 1100 3312 munus
1114 3249 1248 3313 habebit
1261 3249 1358 3313 idem.

743 3346 795 3413 De
809 3367 915 3411 errore
929 3349 1175 3431 Epicureorum.

486 3452 620 3517 Sobrius
634 3449 769 3515 exaudit
782 3450 870 3532 leges
885 3450 1057 3535 Epicurus,
1071 3463 1104 3515 et
1117 3452 1202 3516 idem

570 3552 691 3619 Ebrius
706 3564 756 3616 est
770 3552 886 3616 Veneri
903 3552 1051 3617 subditus
1065 3566 1162 3638 atque
1178 3554 1271 3636 guia.

485 3656 551 3720 Hic
569 3657 657 3721 fabor
670 3654 833 3733 incudem,
848 3675 945 3738 quam
960 3654 1179 3719 circumvallat
1194 3655 1294 3735 inani,
1374 3660 1437 3719 tot

573 3757 659 3837 Figit
672 3756 706 3818 in
721 3757 855 3831 incerto,
871 3767 977 3819 cetera
993 3776 1087 3819 casus
1103 3755 1179 3838 agit.

485 3858 613 3922 Conflat
626 3856 660 3918 in
674 3856 865 3921 immensum
882 3859 1075 3940 corpuscula
1090 3878 1184 3921 casus
1199 3879 1359 3933 acervum,

571 3959 617 4023 Ut
630 3957 687 4021 fiat
703 3958 813 4020 muudi
830 3959 991 4023 maximus
1004 3960 1064 4023 iste
1081 3960 1205 4041 globus.

485 4061 631 4143 Fixaque
647 4059 710 4123 siut
725 4059 881 4149 elementa
895 4060 978 4124 locis
992 4061 1051 4124 sub
1065 4062 1138 4141 lege
1153 4062 1300 4144 perenni,

573 4164 680 4246 thue
697 4161 782 4224 vices
797 4172 949 4243 peragant
965 4174 1107 4245 tempora
1122 4175 1207 4226 certa
1223 4184 1306 4225 suas.
1374 4168 1437 4228 570

485 4266 568 4330 Haec
584 4284 711 4347 quoque
727 4273 814 4325 secta
830 4261 936 4340 docet,
950 4264 1088 4326 animam
1104 4284 1176 4326 cum
1194 4284 1291 4327 carne
1306 4266 1409 4349 perire

571 4366 615 4429 Et
630 4366 743 4428 smstra
757 4364 845 4446 leges
855 4363 1079 4449 justitiamque
1095 4365 1167 4427 coli.
