3625 5317
391 830 463 877 nae.
478 810 590 891 xxm]
752 824 993 873 usraaoorcos.
1286 816 1348 875 tar

391 979 507 1058 natira,
523 999 617 1063 quam
643 998 741 1063 supra
758 974 992 1040 nominavimus
1007 975 1173 1053 rationem,
1189 998 1350 1063 auumque

387 1080 548 1168 judicium
561 1090 702 1154 exercet,
713 1077 800 1163 quod
813 1076 924 1141 itidem
937 1078 1019 1141 ratio
1033 1078 1235 1164 appellatur:
1259 1079 1348 1165 quod

392 1181 525 1268 quidem
556 1177 718 1244 interdum
747 1200 871 1256 rerum,
901 1178 1063 1242 interdum
1093 1179 1261 1264 probabile
1289 1192 1348 1244 est.

396 1282 458 1363 Sed
476 1280 557 1346 ratio
568 1303 644 1343 vera
657 1301 720 1343 non
732 1294 790 1355 est,
802 1279 861 1343 nisi
877 1282 919 1343 ait
935 1292 1023 1345 certa
1033 1293 1066 1343 et
1077 1280 1183 1345 firma:
1207 1280 1348 1367 eoquod

394 1381 488 1460 ratio,
512 1400 626 1446 nomen
650 1379 856 1445 firmitudinis
880 1393 940 1444 est.
984 1382 1074 1444 Nam
1097 1390 1128 1445 et
1150 1392 1260 1446 ratum
1282 1403 1349 1446 non

394 1486 525 1563 attam,
551 1486 619 1547 nisi
648 1482 732 1564 quod
750 1484 890 1565 firmum
918 1492 975 1545 eat.
1021 1482 1069 1545 Ut
1096 1482 1205 1567 itaque
1235 1504 1350 1569 magno

394 1584 515 1672 placuit
526 1584 723 1670 Augustino:
745 1584 845 1648 Ratio
856 1604 931 1647 uera
940 1583 1178 1656 aoliuaDeieat,
1189 1593 1350 1660 eteorum,

395 1687 515 1769 quidm
529 1689 599 1767 ipse
612 1694 732 1748 certum
747 1688 907 1757 notitiam,
915 1687 1121 1766 firmumque
1132 1686 1297 1765 judicium
1312 1686 1352 1749 dc

394 1790 487 1852 rebus
508 1787 622 1851 maere
642 1788 802 1849 marcant.
849 1784 907 1849 Est
935 1797 1041 1848 autem
1065 1785 1351 1870 praedicamentalis

395 1888 560 1974 inspectio,
572 1900 604 1951 et
619 1886 722 1971 prima
736 1886 802 1950 iere
817 1884 1064 1973 philosophandi
1077 1890 1139 1966 via,
1151 1886 1191 1949 de
1206 1887 1351 1972 qualibet

395 2012 430 2053 re
445 1989 609 2074 proposita
623 1986 702 2073 quid
718 1988 760 2051 sit
775 1986 957 2052 attendere:
981 1986 1125 2072 itemque
1144 1986 1264 2073 quibus
1278 2009 1352 2071 pro-

395 2089 588 2177 prietatibus
609 2088 650 2152 ab
665 2087 737 2151 aliis
756 2085 894 2162 differat,
912 2099 945 2151 et
961 2086 1123 2173 quomodo
1138 2087 1208 2151 aliis
1227 2087 1352 2153 consor·

397 2204 512 2255 matur.
557 2187 682 2253 Deinde
708 2210 748 2251 an
779 2189 820 2253 sit
850 2187 879 2251 ei
908 2187 989 2274 quid
1014 2188 1220 2264 contrarium,
1246 2201 1279 2253 et
1308 2208 1349 2252 au

395 2292 501 2378 ipsum
518 2289 721 2375 susceptibile
743 2290 782 2354 sit
806 2290 1047 2353 contrariorum.
1093 2291 1174 2367 Quae
1188 2312 1289 2376 quum
1304 2288 1352 2353 in-

397 2404 582 2466 notuerunt,
599 2412 649 2455 res
663 2390 851 2456 familiarius
866 2391 1037 2476 assignata,
1053 2390 1085 2453 in
1101 2391 1246 2456 notitiam
1262 2405 1352 2456 tran·

397 2494 448 2559 ait.
494 2492 620 2579 Utique
642 2492 727 2556 hunc
747 2491 906 2568 ordinem,
922 2492 978 2557 etsi
1002 2513 1062 2578 pro
1078 2505 1153 2557 voto
1173 2493 1353 2579 exprimere

396 2616 564 2679 nequeam,
575 2592 607 2677 in
623 2605 722 2657 tantae
737 2594 781 2657 rei
796 2594 1038 2677 investigatione
1052 2603 1168 2671 tamen,
1179 2594 1257 2680 quia
1267 2617 1352 2657 com-

397 2694 600 2759 modissimus
614 2706 673 2770 eat,
689 2694 811 2779 placuit
827 2694 955 2759 imitari.
1000 2694 1068 2757 Nec
1089 2707 1137 2758 eat
1152 2694 1211 2759 ubi
1227 2695 1354 2779 justius

398 2797 439 2861 de
461 2796 593 2860 rationis
616 2794 824 2879 veritatisque
852 2794 1031 2858 substantia
1056 2806 1232 2879 quoeratur,
1253 2816 1352 2879 quam

399 2898 455 2962 ubi
468 2897 517 2962 vis
533 2898 664 2981 Logicae
675 2894 860 2972 discutitur,
873 2916 949 2979 quae
960 2917 993 2955 se
1007 2894 1178 2978 profitetur
1190 2894 1353 2957 scientiam

399 2999 554 3078 veritatis,
577 3010 613 3060 ut
636 2994 746 3060 assent
771 2997 995 3081 Augustinus:
1024 3007 1057 3059 et
1079 2997 1203 3059 utinam
1224 2995 1353 3079 assequi

399 3099 515 3173 valeat,
539 3095 626 3182 quod
652 3094 822 3181 promittit.
869 3096 1004 3161 Constat
1025 3106 1131 3159 autem
1155 3095 1232 3182 quia
1252 3097 1355 3183 pluri-

400 3222 485 3263 mum
506 3197 647 3285 prodest,
663 3209 696 3261 et
717 3198 897 3261 inveniendi
920 3197 1185 3282 examinandique
1206 3198 1355 3274 rationes,

399 3298 494 3380 viam,
509 3312 542 3365 et
556 3297 691 3385 copiam,
706 3312 810 3383 parat.

403 3553 481 3639 Cap.
497 3559 548 3618 31.
574 3555 668 3628 Quod
694 3555 875 3635 Philologic
900 3557 986 3619 olias
1008 3557 1092 3619 duaa
1117 3557 1290 3639 praecedit:
1321 3562 1355 3621 et

444 3676 515 3737 qua
529 3658 572 3719 ait
587 3658 880 3739 praedicamentalis
895 3658 1049 3739 inspectio
1062 3659 1224 3739 sequenda
1240 3660 1277 3720 in
1291 3658 1355 3719 die-

444 3758 589 3820 cuaeionc
603 3759 741 3822 rationis
755 3764 786 3820 ct
801 3760 956 3821 iteritatis.

447 3904 548 3966 Srcur
573 3916 679 3967 autern
707 3902 789 3967 ratio
814 3904 847 3965 in
871 3903 1036 3981 creaturis,
1062 3915 1110 3966 est
1131 3902 1179 3967 vis
1203 3904 1354 3990 quaedam

402 4000 586 4087 spiritualis,
600 4015 726 4067 naturae
749 4025 855 4067 rerum
878 4003 1098 4078 examinatrix,
1114 4016 1147 4066 et
1163 4017 1228 4068 tam
1243 4026 1355 4086 corpo-

403 4102 530 4178 ralium,
546 4125 642 4189 quam
664 4102 912 4193 intelligibilium
929 4126 1099 4189 assequens
1119 4101 1285 4167 notitiam:
1309 4101 1355 4164 ita

403 4202 567 4288 primitiva
592 4202 737 4288 quaedam
770 4204 852 4267 ratio
880 4218 940 4281 est,
965 4228 1040 4289 quat
1070 4226 1128 4269 sua
1154 4204 1275 4266 virtute
1305 4222 1355 4263 rea

404 4325 523 4383 omnes,
545 4316 610 4367 tam
632 4301 823 4387 corporales,
845 4326 943 4387 quam
964 4300 1191 4385 intelligibiles,
1211 4319 1355 4383 compre·

404 4404 527 4481 bendit,
553 4420 586 4468 et
611 4416 769 4479 naturam,
795 4414 827 4466 et
852 4404 917 4467 vim
942 4402 1140 4485 singulorum
1163 4398 1256 4484 plene
1278 4397 1358 4462 fide-
