3625 5317
666 807 743 854 virt
759 806 875 853 cascar
889 806 1046 853 assatur.
1274 793 1338 852 tot

383 960 471 1027 atiud
484 962 635 1025 habebat.
664 963 686 1026 J
687 982 738 1025 am
749 961 905 1024 invaserat
916 959 1002 1040 ignis
1012 958 1108 1037 edax,
1119 959 1175 1043 qui
1190 959 1337 1024 universa

383 1064 554 1128 consumit.
600 1063 678 1126 Non
702 1074 768 1126 erat
792 1062 916 1125 homini
937 1061 1102 1136 solatium3
1132 1081 1231 1144 quum
1254 1080 1334 1124 ecce

355 1165 406 1228 fra
420 1175 469 1228 ter
491 1186 575 1228 unus
600 1173 720 1241 monet,
740 1175 776 1227 ut
800 1164 966 1227 nutritoris
985 1163 1033 1226 sui
1055 1163 1197 1226 Anselmi
1219 1163 1331 1224 memi-

381 1266 472 1344 nerit,
496 1266 590 1349 eique
614 1267 792 1329 committat
814 1264 957 1338 domum,
980 1265 1035 1347 qui
1059 1265 1205 1327 flammas
1226 1264 1331 1327 extin-

384 1387 480 1447 guere
492 1367 666 1430 consuerit.
697 1367 791 1429 Paret
806 1366 870 1440 itte,
882 1375 915 1428 ct
925 1364 1069 1428 nondum
1081 1365 1172 1428 finita
1182 1366 1334 1428 Oratione

385 1467 560 1531 Dominica
586 1469 717 1531 domum
741 1489 831 1531 suam
862 1469 903 1530 ab
928 1465 1081 1529 incendio
1105 1467 1173 1528 sinc
1202 1467 1334 1529 laesione

385 1568 516 1632 miratur
544 1582 575 1631 et
603 1569 728 1632 lactatur
756 1578 950 1651 exemptam.
1003 1566 1115 1630 Helias
1144 1567 1335 1630 venerabilis

386 1669 486 1732 abbas
502 1681 620 1734 sanctae
635 1671 798 1734 Trinitatis
812 1670 845 1732 in
861 1679 969 1733 monte
989 1667 1170 1750 Rotomagi,
1185 1670 1335 1750 precibus

387 1781 420 1834 et
441 1771 561 1834 meritis
580 1771 665 1834 beati
680 1772 837 1850 Anselmi,
852 1792 949 1854 quum
970 1771 1011 1833 ab
1031 1790 1072 1833 eo
1092 1769 1301 1849 ordinaretur,
1316 1791 1337 1834 a

387 1883 509 1935 tumore
529 1882 562 1935 ct
581 1871 690 1935 dolore
711 1894 864 1955 genuum,
878 1873 996 1957 quibus
1016 1869 1096 1934 adeo
1112 1872 1288 1934 vexabatur
1301 1883 1338 1935 ut

385 1973 442 2036 rix
470 1973 618 2036 incedere
648 1977 760 2057 possit,
782 1997 818 2039 ee
844 1975 971 2058 publice
1000 1972 1164 2037 confessus
1190 1983 1239 2036 est
1264 1991 1337 2036 esse·

387 2083 541 2136 curatum.
587 2073 650 2137 Sed
682 2076 756 2159 quis
779 2097 840 2157 ego
863 2095 944 2152 sum,
969 2085 1006 2137 ut
1030 2094 1173 2137 enarrem
1194 2073 1337 2157 justitias

387 2172 531 2252 Domini,
560 2185 593 2238 et
622 2178 700 2240 tanti
731 2179 829 2261 patris
858 2176 1020 2260 praeconia
1048 2197 1103 2238 ore
1132 2178 1182 2238 vel
1212 2175 1335 2239 calamo

385 2285 642 2359 presumptuose
665 2276 874 2360 contingam?
913 2279 1005 2342 Vires
1025 2276 1155 2362 quidem
1176 2297 1264 2340 meas
1278 2297 1336 2340 ex·

387 2378 474 2440 cedit
488 2388 520 2441 ct
534 2381 656 2454 merita,
673 2392 707 2444 ut
726 2391 848 2446 tantum
869 2381 1083 2444 consessorem
1104 2380 1200 2460 digne
1216 2379 1336 2443 descri-

386 2478 460 2540 bam
467 2500 477 2555 3
508 2490 540 2542 et
565 2480 675 2564 inepte
698 2480 876 2546 describere
898 2493 976 2544 nota
997 2482 1255 2566 praesumptionie
1278 2492 1339 2559 est,

388 2590 421 2642 ct
435 2599 486 2641 ree
500 2578 573 2663 jnre
594 2591 626 2644 et
641 2584 752 2647 merito
773 2584 916 2647 obnoxia
936 2604 1051 2666 poenae.
1097 2582 1162 2646 Sed
1181 2583 1338 2665 propitius

386 2680 465 2743 mihi
488 2681 530 2744 sit
551 2691 642 2765 pater
655 2680 836 2756 Anselmus,
852 2693 884 2746 et
906 2683 1027 2744 meritis
1049 2693 1081 2743 et
1102 2682 1251 2762 precibus
1271 2682 1339 2744 auis

387 2788 527 2843 mentem
553 2801 655 2842 meam
685 2780 803 2860 dirigat
830 2782 863 2842 in
895 2781 1141 2863 occupationem
1170 2781 1280 2843 utilem
1303 2791 1337 2844 et

385 2882 565 2958 honestam,
579 2889 612 2942 et
627 2902 700 2964 quan
715 2881 832 2944 dirinae
848 2883 889 2944 sit
902 2881 1024 2964 placita
1038 2880 1206 2965 majestati.
1237 2880 1338 2943 Audi·

386 2993 486 3044 torem
504 2994 679 3066 quoquest
697 2984 848 3046 lectorem
866 2985 1018 3058 obsecro;
1041 2993 1154 3066 etqua
1173 2983 1250 3045 licet
1263 3003 1338 3066 sup·

386 3081 562 3164 plicatione
578 3080 735 3158 obtestor;
759 3097 793 3146 ut
807 3083 840 3146 iu
857 3083 920 3146 hoc
937 3092 1011 3144 roto
1026 3103 1152 3145 mecum
1168 3094 1201 3145 et
1214 3100 1272 3163 pro
1287 3103 1338 3145 me

388 3183 562 3247 sollicitent
576 3196 721 3248 sanctum
737 3195 858 3268 patrem
874 3186 1072 3263 Anaelmum,
1088 3185 1213 3248 etmihi
1229 3199 1262 3248 et
1277 3183 1340 3248 sibi

313 3314 318 3332 ·
388 3284 511 3346 reniam
539 3284 712 3368 impetrent
734 3285 922 3348 delictorum
948 3287 989 3348 ab
1019 3273 1070 3362 eo,
1093 3285 1150 3369 qui
1176 3287 1263 3350 aolus
1290 3296 1340 3350 eat

388 3384 577 3449 benedictus
591 3386 625 3448 in
641 3387 758 3450 saecuia
773 3388 972 3450 sacculorum.
1016 3388 1129 3450 Amen.

429 3587 578 3670 Empticit
598 3591 668 3653 Vita
683 3590 800 3656 Sancti
815 3592 957 3654 Amclmi
974 3591 1226 3655 Commorientis
1246 3592 1339 3655 eccie-

388 3691 448 3751 ciae
468 3692 710 3776 archiepiscopi,
724 3693 900 3758 secundum
921 3694 1084 3757 Ioannem
1110 3694 1339 3759 carnotensem

389 3793 582 3873 episcopum.
