<?xml version="1.0" encoding="UTF-8"?>
<!DOCTYPE html PUBLIC "-//W3C//DTD XHTML 1.0 Transitional//EN"
    "http://www.w3.org/TR/xhtml1/DTD/xhtml1-transitional.dtd">
<html xmlns="http://www.w3.org/1999/xhtml" xml:lang="en" lang="en">
 <head>
  <title>
</title>
<meta http-equiv="Content-Type" content="text/html;charset=utf-8" />
  <meta name='ocr-system' content='tesseract 3.04.00' />
  <meta name='ocr-capabilities' content='ocr_page ocr_carea ocr_par ocr_line ocrx_word'/>
</head>
<body>
  <div class='ocr_page' id='page_1' title='image "./joannissaresber13johngoog_0392.png"; bbox 0 0 3625 5317; ppageno 0'>
   <div class='ocr_carea' id='block_1_1' title="bbox 453 759 1402 821">
    <p class='ocr_par' dir='ltr' id='par_1_1' title="bbox 453 759 1402 821">
     <span class='ocr_line' id='line_1_1' title="bbox 453 759 1402 821; baseline -0.002 -1"><span class='ocrx_word' id='word_1_1' title='bbox 453 759 518 820; x_wconf 82' lang='grc'><strong>880</strong></span> <span class='ocrx_word' id='word_1_2' title='bbox 536 773 628 820; x_wconf 75' lang='lat' dir='ltr'><strong>roan.</strong></span> <span class='ocrx_word' id='word_1_3' title='bbox 644 772 923 819; x_wconf 73' lang='lat' dir='ltr'><strong>suessanoruusrs</strong></span> <span class='ocrx_word' id='word_1_4' title='bbox 937 773 1014 818; x_wconf 76' lang='lat' dir='ltr'><strong>virt</strong></span> <span class='ocrx_word' id='word_1_5' title='bbox 1030 771 1146 818; x_wconf 76' lang='lat' dir='ltr'><strong>stncrr</strong></span> <span class='ocrx_word' id='word_1_6' title='bbox 1163 773 1293 819; x_wconf 75' lang='lat' dir='ltr'><strong>rusum</strong></span> <span class='ocrx_word' id='word_1_7' title='bbox 1310 775 1402 821; x_wconf 73' lang='lat' dir='ltr'><strong>cunr.</strong></span> 
     </span>
    </p>
   </div>
   <div class='ocr_carea' id='block_1_2' title="bbox 449 925 1408 3715">
    <p class='ocr_par' dir='ltr' id='par_1_2' title="bbox 449 925 1404 2225">
     <span class='ocr_line' id='line_1_2' title="bbox 449 925 1404 1010; baseline 0.002 -22"><span class='ocrx_word' id='word_1_8' title='bbox 449 926 575 1002; x_wconf 85' lang='lat' dir='ltr'><strong>invasit,</strong></span> <span class='ocrx_word' id='word_1_9' title='bbox 589 935 625 988; x_wconf 91' lang='lat' dir='ltr'><strong>ut</strong></span> <span class='ocrx_word' id='word_1_10' title='bbox 638 925 747 988; x_wconf 85' lang='lat' dir='ltr'><strong>nullus</strong></span> <span class='ocrx_word' id='word_1_11' title='bbox 762 926 893 989; x_wconf 90' lang='lat' dir='ltr'><strong>omnino</strong></span> <span class='ocrx_word' id='word_1_12' title='bbox 907 938 962 989; x_wconf 90' lang='lat' dir='ltr'><strong>aut</strong></span> <span class='ocrx_word' id='word_1_13' title='bbox 981 947 1138 1008; x_wconf 88' lang='lat' dir='ltr'><strong>perrarus,</strong></span> <span class='ocrx_word' id='word_1_14' title='bbox 1155 927 1211 1010; x_wconf 91' lang='lat' dir='ltr'><strong>qui</strong></span> <span class='ocrx_word' id='word_1_15' title='bbox 1232 926 1363 990; x_wconf 79' lang='lat' dir='ltr'>auderet</span> <span class='ocrx_word' id='word_1_16' title='bbox 1385 950 1404 990; x_wconf 90' lang='lat' dir='ltr'><strong>a</strong></span> 
     </span>
     <span class='ocr_line' id='line_1_3' title="bbox 451 1023 1402 1110; baseline 0.002 -20"><span class='ocrx_word' id='word_1_17' title='bbox 451 1027 567 1090; x_wconf 74' lang='lat' dir='ltr'><strong>divinis</strong></span> <span class='ocrx_word' id='word_1_18' title='bbox 589 1047 713 1089; x_wconf 89' lang='lat' dir='ltr'><strong>cessare</strong></span> <span class='ocrx_word' id='word_1_19' title='bbox 735 1048 792 1109; x_wconf 91' lang='lat' dir='ltr'><strong>pro</strong></span> <span class='ocrx_word' id='word_1_20' title='bbox 814 1027 1012 1090; x_wconf 78' lang='lat' dir='ltr'><strong>exhibitione</strong></span> <span class='ocrx_word' id='word_1_21' title='bbox 1033 1023 1166 1110; x_wconf 75' lang='lat' dir='ltr'><strong>justitias</strong></span> <span class='ocrx_word' id='word_1_22' title='bbox 1189 1039 1246 1089; x_wconf 90' lang='lat' dir='ltr'><strong>aut</strong></span> <span class='ocrx_word' id='word_1_23' title='bbox 1268 1048 1324 1109; x_wconf 91' lang='lat' dir='ltr'><strong>pro</strong></span> <span class='ocrx_word' id='word_1_24' title='bbox 1346 1030 1402 1092; x_wconf 90' lang='lat' dir='ltr'><strong>hu·</strong></span> 
     </span>
     <span class='ocr_line' id='line_1_4' title="bbox 450 1122 1403 1192; baseline 0 -2"><span class='ocrx_word' id='word_1_25' title='bbox 450 1126 612 1190; x_wconf 82' lang='lat' dir='ltr'><strong>munitatis</strong></span> <span class='ocrx_word' id='word_1_26' title='bbox 626 1122 731 1190; x_wconf 85' lang='lat' dir='ltr'><strong>officio</strong></span> <span class='ocrx_word' id='word_1_27' title='bbox 747 1127 892 1191; x_wconf 89' lang='lat' dir='ltr'><strong>debitum</strong></span> <span class='ocrx_word' id='word_1_28' title='bbox 907 1129 941 1190; x_wconf 91' lang='lat' dir='ltr'><strong>in</strong></span> <span class='ocrx_word' id='word_1_29' title='bbox 958 1127 1086 1192; x_wconf 90' lang='lat' dir='ltr'><strong>Christo</strong></span> <span class='ocrx_word' id='word_1_30' title='bbox 1107 1129 1266 1191; x_wconf 81' lang='lat' dir='ltr'><strong>defunctis</strong></span> <span class='ocrx_word' id='word_1_31' title='bbox 1288 1151 1403 1192; x_wconf 88' lang='lat' dir='ltr'><strong>munus</strong></span> 
     </span>
     <span class='ocr_line' id='line_1_5' title="bbox 451 1227 1401 1312; baseline 0.001 -21"><span class='ocrx_word' id='word_1_32' title='bbox 451 1227 625 1292; x_wconf 76' lang='lat' dir='ltr'><strong>solenniter</strong></span> <span class='ocrx_word' id='word_1_33' title='bbox 646 1228 807 1292; x_wconf 87' lang='lat' dir='ltr'><strong>exhibere.</strong></span> <span class='ocrx_word' id='word_1_34' title='bbox 854 1231 894 1291; x_wconf 92' lang='lat' dir='ltr'><strong>ln</strong></span> <span class='ocrx_word' id='word_1_35' title='bbox 920 1229 970 1292; x_wconf 90' lang='lat' dir='ltr'><strong>his</strong></span> <span class='ocrx_word' id='word_1_36' title='bbox 992 1231 1141 1292; x_wconf 88' lang='lat' dir='ltr'><strong>omnibus</strong></span> <span class='ocrx_word' id='word_1_37' title='bbox 1166 1243 1401 1312; x_wconf 74' lang='lat' dir='ltr'><strong>persecutorum</strong></span> 
     </span>
     <span class='ocr_line' id='line_1_6' title="bbox 449 1328 1403 1414; baseline 0.003 -24"><span class='ocrx_word' id='word_1_38' title='bbox 449 1349 515 1392; x_wconf 89' lang='lat' dir='ltr'><strong>nou</strong></span> <span class='ocrx_word' id='word_1_39' title='bbox 539 1328 660 1411; x_wconf 87' lang='lat' dir='ltr'><strong>quievit</strong></span> <span class='ocrx_word' id='word_1_40' title='bbox 680 1329 766 1392; x_wconf 86' lang='lat' dir='ltr'><strong>furor</strong></span> <span class='ocrx_word' id='word_1_41' title='bbox 788 1329 966 1392; x_wconf 87' lang='lat' dir='ltr'><strong>dicentium</strong></span> <span class='ocrx_word' id='word_1_42' title='bbox 990 1351 1106 1414; x_wconf 89' lang='lat' dir='ltr'><strong>corpus</strong></span> <span class='ocrx_word' id='word_1_43' title='bbox 1129 1329 1301 1414; x_wconf 87' lang='lat' dir='ltr'><strong>proditoris</strong></span> <span class='ocrx_word' id='word_1_44' title='bbox 1322 1331 1403 1394; x_wconf 90' lang='lat' dir='ltr'><strong>inter</strong></span> 
     </span>
     <span class='ocr_line' id='line_1_7' title="bbox 449 1431 1401 1516; baseline 0.002 -24"><span class='ocrx_word' id='word_1_45' title='bbox 449 1443 579 1494; x_wconf 88' lang='lat' dir='ltr'><strong>sanctos</strong></span> <span class='ocrx_word' id='word_1_46' title='bbox 599 1431 774 1514; x_wconf 89' lang='lat' dir='ltr'><strong>pontifices</strong></span> <span class='ocrx_word' id='word_1_47' title='bbox 795 1453 861 1494; x_wconf 91' lang='lat' dir='ltr'><strong>non</strong></span> <span class='ocrx_word' id='word_1_48' title='bbox 883 1454 955 1495; x_wconf 83' lang='lat' dir='ltr'><strong>esse</strong></span> <span class='ocrx_word' id='word_1_49' title='bbox 982 1431 1198 1496; x_wconf 89' lang='lat' dir='ltr'><strong>humandum:</strong></span> <span class='ocrx_word' id='word_1_50' title='bbox 1227 1432 1285 1495; x_wconf 88' lang='lat' dir='ltr'><strong>sed</strong></span> <span class='ocrx_word' id='word_1_51' title='bbox 1307 1431 1401 1516; x_wconf 89' lang='lat' dir='ltr'><strong>proji-</strong></span> 
     </span>
     <span class='ocr_line' id='line_1_8' title="bbox 451 1531 1399 1617; baseline -0.002 -21"><span class='ocrx_word' id='word_1_52' title='bbox 451 1531 601 1596; x_wconf 88' lang='lat' dir='ltr'><strong>ciendum</strong></span> <span class='ocrx_word' id='word_1_53' title='bbox 616 1553 687 1596; x_wconf 88' lang='lat' dir='ltr'><strong>esse</strong></span> <span class='ocrx_word' id='word_1_54' title='bbox 700 1533 733 1594; x_wconf 90' lang='lat' dir='ltr'><strong>in</strong></span> <span class='ocrx_word' id='word_1_55' title='bbox 749 1532 900 1616; x_wconf 77' lang='lat' dir='ltr'><strong>paludem</strong></span> <span class='ocrx_word' id='word_1_56' title='bbox 918 1534 1058 1596; x_wconf 81' lang='lat' dir='ltr'><strong>viliorem</strong></span> <span class='ocrx_word' id='word_1_57' title='bbox 1075 1535 1121 1596; x_wconf 79' lang='lat' dir='ltr'><strong>vel</strong></span> <span class='ocrx_word' id='word_1_58' title='bbox 1139 1533 1399 1617; x_wconf 86' lang='lat' dir='ltr'><strong>suspendendum</strong></span> 
     </span>
     <span class='ocr_line' id='line_1_9' title="bbox 452 1633 1402 1719; baseline 0.002 -23"><span class='ocrx_word' id='word_1_59' title='bbox 452 1635 605 1717; x_wconf 88' lang='lat' dir='ltr'><strong>patibulo.</strong></span> <span class='ocrx_word' id='word_1_60' title='bbox 656 1633 753 1698; x_wconf 90' lang='lat' dir='ltr'><strong>Unde</strong></span> <span class='ocrx_word' id='word_1_61' title='bbox 783 1635 887 1698; x_wconf 88' lang='lat' dir='ltr'><strong>sancti</strong></span> <span class='ocrx_word' id='word_1_62' title='bbox 918 1636 973 1698; x_wconf 84' lang='lat' dir='ltr'><strong>riri</strong></span> <span class='ocrx_word' id='word_1_63' title='bbox 1003 1637 1057 1719; x_wconf 91' lang='lat' dir='ltr'><strong>qui</strong></span> <span class='ocrx_word' id='word_1_64' title='bbox 1088 1635 1219 1698; x_wconf 86' lang='lat' dir='ltr'><strong>aderant</strong></span> <span class='ocrx_word' id='word_1_65' title='bbox 1249 1637 1311 1697; x_wconf 80' lang='lat' dir='ltr'><strong>rim</strong></span> <span class='ocrx_word' id='word_1_66' title='bbox 1342 1637 1402 1698; x_wconf 91' lang='lat' dir='ltr'><strong>sibi</strong></span> 
     </span>
     <span class='ocr_line' id='line_1_10' title="bbox 453 1735 1404 1820; baseline 0.001 -23"><span class='ocrx_word' id='word_1_67' title='bbox 453 1735 602 1799; x_wconf 84' lang='lat' dir='ltr'><strong>timentes</strong></span> <span class='ocrx_word' id='word_1_68' title='bbox 627 1736 735 1800; x_wconf 86' lang='lat' dir='ltr'><strong>inferri</strong></span> <span class='ocrx_word' id='word_1_69' title='bbox 758 1757 829 1799; x_wconf 90' lang='lat' dir='ltr'><strong>eum</strong></span> <span class='ocrx_word' id='word_1_70' title='bbox 852 1737 885 1798; x_wconf 92' lang='lat' dir='ltr'><strong>in</strong></span> <span class='ocrx_word' id='word_1_71' title='bbox 909 1749 1032 1820; x_wconf 84' lang='lat' dir='ltr'><strong>crypta,</strong></span> <span class='ocrx_word' id='word_1_72' title='bbox 1054 1745 1224 1819; x_wconf 86' lang='lat' dir='ltr'><strong>antequam</strong></span> <span class='ocrx_word' id='word_1_73' title='bbox 1252 1737 1404 1800; x_wconf 81' lang='lat' dir='ltr'><strong>satellites</strong></span> 
     </span>
     <span class='ocr_line' id='line_1_11' title="bbox 453 1835 1404 1920; baseline 0.003 -23"><span class='ocrx_word' id='word_1_74' title='bbox 453 1835 591 1916; x_wconf 84' lang='lat' dir='ltr'><strong>Satanae,</strong></span> <span class='ocrx_word' id='word_1_75' title='bbox 605 1839 659 1920; x_wconf 90' lang='lat' dir='ltr'><strong>qui</strong></span> <span class='ocrx_word' id='word_1_76' title='bbox 675 1838 715 1900; x_wconf 86' lang='lat' dir='ltr'><strong>atl</strong></span> <span class='ocrx_word' id='word_1_77' title='bbox 731 1837 900 1918; x_wconf 89' lang='lat' dir='ltr'><strong>sacrilegia</strong></span> <span class='ocrx_word' id='word_1_78' title='bbox 914 1836 1126 1920; x_wconf 86' lang='lat' dir='ltr'><strong>perpetranda</strong></span> <span class='ocrx_word' id='word_1_79' title='bbox 1147 1838 1316 1900; x_wconf 76' lang='lat' dir='ltr'><strong>convocati</strong></span> <span class='ocrx_word' id='word_1_80' title='bbox 1337 1839 1404 1900; x_wconf 88' lang='lat' dir='ltr'><strong>sne·</strong></span> 
     </span>
     <span class='ocr_line' id='line_1_12' title="bbox 451 1935 1404 2022; baseline 0.004 -25"><span class='ocrx_word' id='word_1_81' title='bbox 451 1948 532 2013; x_wconf 86' lang='lat' dir='ltr'><strong>rant,</strong></span> <span class='ocrx_word' id='word_1_82' title='bbox 547 1935 765 2015; x_wconf 86' lang='lat' dir='ltr'><strong>convenirent,</strong></span> <span class='ocrx_word' id='word_1_83' title='bbox 787 1948 861 2001; x_wconf 88' lang='lat' dir='ltr'><strong>ante</strong></span> <span class='ocrx_word' id='word_1_84' title='bbox 884 1939 981 2000; x_wconf 87' lang='lat' dir='ltr'><strong>altare</strong></span> <span class='ocrx_word' id='word_1_85' title='bbox 1005 1937 1116 2000; x_wconf 82' lang='lat' dir='ltr'><strong>Sancti</strong></span> <span class='ocrx_word' id='word_1_86' title='bbox 1134 1937 1295 2001; x_wconf 87' lang='lat' dir='ltr'><strong>Johauuis</strong></span> <span class='ocrx_word' id='word_1_87' title='bbox 1318 1941 1404 2022; x_wconf 86' lang='lat' dir='ltr'><strong>Bap-</strong></span> 
     </span>
     <span class='ocr_line' id='line_1_13' title="bbox 451 2036 1403 2122; baseline 0.002 -22"><span class='ocrx_word' id='word_1_88' title='bbox 451 2036 534 2101; x_wconf 87' lang='lat' dir='ltr'><strong>tistae</strong></span> <span class='ocrx_word' id='word_1_89' title='bbox 555 2051 589 2102; x_wconf 89' lang='lat' dir='ltr'><strong>et</strong></span> <span class='ocrx_word' id='word_1_90' title='bbox 609 2041 710 2103; x_wconf 89' lang='lat' dir='ltr'><strong>sancti</strong></span> <span class='ocrx_word' id='word_1_91' title='bbox 734 2039 903 2121; x_wconf 82' lang='lat' dir='ltr'><strong>Augustini</strong></span> <span class='ocrx_word' id='word_1_92' title='bbox 926 2039 1101 2120; x_wconf 86' lang='lat' dir='ltr'><strong>Anglorum</strong></span> <span class='ocrx_word' id='word_1_93' title='bbox 1125 2040 1261 2122; x_wconf 87' lang='lat' dir='ltr'><strong>apostoli</strong></span> <span class='ocrx_word' id='word_1_94' title='bbox 1285 2039 1318 2102; x_wconf 91' lang='lat' dir='ltr'><strong>in</strong></span> <span class='ocrx_word' id='word_1_95' title='bbox 1340 2061 1403 2102; x_wconf 90' lang='lat' dir='ltr'><strong>sar-</strong></span> 
     </span>
     <span class='ocr_line' id='line_1_14' title="bbox 453 2141 1009 2225; baseline -0.005 -21"><span class='ocrx_word' id='word_1_96' title='bbox 453 2141 599 2223; x_wconf 88' lang='lat' dir='ltr'><strong>cophago</strong></span> <span class='ocrx_word' id='word_1_97' title='bbox 614 2163 790 2206; x_wconf 89' lang='lat' dir='ltr'><strong>marmoreo</strong></span> <span class='ocrx_word' id='word_1_98' title='bbox 805 2141 1009 2225; x_wconf 84' lang='lat' dir='ltr'><strong>sepelierunt.</strong></span> 
     </span>
    </p>

    <p class='ocr_par' dir='ltr' id='par_1_3' title="bbox 454 2241 1408 3715">
     <span class='ocr_line' id='line_1_15' title="bbox 498 2241 1405 2326; baseline 0.002 -22"><span class='ocrx_word' id='word_1_99' title='bbox 498 2241 566 2305; x_wconf 94' lang='lat' dir='ltr'><strong>Ubi</strong></span> <span class='ocrx_word' id='word_1_100' title='bbox 589 2243 630 2306; x_wconf 90' lang='lat' dir='ltr'><strong>ad</strong></span> <span class='ocrx_word' id='word_1_101' title='bbox 649 2244 780 2324; x_wconf 77' lang='lat' dir='ltr'><strong>gloriam</strong></span> <span class='ocrx_word' id='word_1_102' title='bbox 799 2243 1026 2326; x_wconf 81' lang='lat' dir='ltr'><strong>omnipotentis</strong></span> <span class='ocrx_word' id='word_1_103' title='bbox 1049 2242 1111 2303; x_wconf 91' lang='lat' dir='ltr'><strong>Dei</strong></span> <span class='ocrx_word' id='word_1_104' title='bbox 1133 2263 1189 2324; x_wconf 89' lang='lat' dir='ltr'><strong>per</strong></span> <span class='ocrx_word' id='word_1_105' title='bbox 1210 2263 1281 2306; x_wconf 89' lang='lat' dir='ltr'><strong>eum</strong></span> <span class='ocrx_word' id='word_1_106' title='bbox 1306 2244 1405 2306; x_wconf 90' lang='lat' dir='ltr'><strong>multa</strong></span> 
     </span>
     <span class='ocr_line' id='line_1_16' title="bbox 454 2344 1405 2425; baseline 0.003 -20"><span class='ocrx_word' id='word_1_107' title='bbox 454 2355 488 2405; x_wconf 92' lang='lat' dir='ltr'><strong>et</strong></span> <span class='ocrx_word' id='word_1_108' title='bbox 515 2365 633 2425; x_wconf 87' lang='lat' dir='ltr'><strong>magna</strong></span> <span class='ocrx_word' id='word_1_109' title='bbox 661 2346 743 2407; x_wconf 89' lang='lat' dir='ltr'><strong>fiunt</strong></span> <span class='ocrx_word' id='word_1_110' title='bbox 770 2346 924 2408; x_wconf 90' lang='lat' dir='ltr'><strong>miracula</strong></span> <span class='ocrx_word' id='word_1_111' title='bbox 954 2344 1140 2408; x_wconf 82' lang='lat' dir='ltr'><strong>catervatim</strong></span> <span class='ocrx_word' id='word_1_112' title='bbox 1169 2345 1405 2408; x_wconf 88' lang='lat' dir='ltr'><strong>confluentibus</strong></span> 
     </span>
     <span class='ocr_line' id='line_1_17' title="bbox 454 2443 1405 2528; baseline 0.003 -24"><span class='ocrx_word' id='word_1_113' title='bbox 454 2443 594 2526; x_wconf 89' lang='lat' dir='ltr'><strong>populis,</strong></span> <span class='ocrx_word' id='word_1_114' title='bbox 616 2455 652 2506; x_wconf 90' lang='lat' dir='ltr'><strong>ut</strong></span> <span class='ocrx_word' id='word_1_115' title='bbox 673 2445 804 2508; x_wconf 84' lang='lat' dir='ltr'><strong>videant</strong></span> <span class='ocrx_word' id='word_1_116' title='bbox 825 2446 858 2506; x_wconf 93' lang='lat' dir='ltr'><strong>in</strong></span> <span class='ocrx_word' id='word_1_117' title='bbox 881 2445 953 2507; x_wconf 87' lang='lat' dir='ltr'><strong>aliis</strong></span> <span class='ocrx_word' id='word_1_118' title='bbox 972 2455 1004 2507; x_wconf 85' lang='lat' dir='ltr'><strong>et</strong></span> <span class='ocrx_word' id='word_1_119' title='bbox 1024 2444 1162 2507; x_wconf 86' lang='lat' dir='ltr'><strong>sentiant</strong></span> <span class='ocrx_word' id='word_1_120' title='bbox 1183 2444 1216 2506; x_wconf 92' lang='lat' dir='ltr'><strong>in</strong></span> <span class='ocrx_word' id='word_1_121' title='bbox 1240 2467 1274 2507; x_wconf 92' lang='lat' dir='ltr'><strong>se</strong></span> <span class='ocrx_word' id='word_1_122' title='bbox 1294 2457 1405 2528; x_wconf 78' lang='lat' dir='ltr'><strong>poten-</strong></span> 
     </span>
     <span class='ocr_line' id='line_1_18' title="bbox 454 2543 1405 2628; baseline 0.003 -23"><span class='ocrx_word' id='word_1_123' title='bbox 454 2543 529 2606; x_wconf 90' lang='lat' dir='ltr'><strong>tiam</strong></span> <span class='ocrx_word' id='word_1_124' title='bbox 545 2554 579 2607; x_wconf 87' lang='lat' dir='ltr'><strong>et</strong></span> <span class='ocrx_word' id='word_1_125' title='bbox 596 2544 797 2607; x_wconf 86' lang='lat' dir='ltr'><strong>clementiam</strong></span> <span class='ocrx_word' id='word_1_126' title='bbox 819 2545 900 2627; x_wconf 74' lang='lat' dir='ltr'><strong>ejus,</strong></span> <span class='ocrx_word' id='word_1_127' title='bbox 924 2547 979 2628; x_wconf 92' lang='lat' dir='ltr'><strong>qui</strong></span> <span class='ocrx_word' id='word_1_128' title='bbox 1001 2566 1125 2628; x_wconf 87' lang='lat' dir='ltr'><strong>semper</strong></span> <span class='ocrx_word' id='word_1_129' title='bbox 1144 2545 1176 2606; x_wconf 96' lang='lat' dir='ltr'><strong>in</strong></span> <span class='ocrx_word' id='word_1_130' title='bbox 1199 2547 1318 2608; x_wconf 84' lang='lat' dir='ltr'><strong>sanctis</strong></span> <span class='ocrx_word' id='word_1_131' title='bbox 1340 2547 1405 2608; x_wconf 85' lang='lat' dir='ltr'><strong>suis</strong></span> 
     </span>
     <span class='ocr_line' id='line_1_19' title="bbox 454 2645 1403 2729; baseline 0.001 -21"><span class='ocrx_word' id='word_1_132' title='bbox 454 2646 609 2710; x_wconf 86' lang='lat' dir='ltr'><strong>mirabilis</strong></span> <span class='ocrx_word' id='word_1_133' title='bbox 624 2657 657 2709; x_wconf 92' lang='lat' dir='ltr'><strong>et</strong></span> <span class='ocrx_word' id='word_1_134' title='bbox 670 2645 826 2727; x_wconf 89' lang='lat' dir='ltr'><strong>gloriosus</strong></span> <span class='ocrx_word' id='word_1_135' title='bbox 840 2656 897 2709; x_wconf 87' lang='lat' dir='ltr'><strong>est.</strong></span> <span class='ocrx_word' id='word_1_136' title='bbox 944 2648 1028 2709; x_wconf 86' lang='lat' dir='ltr'><strong>Nem</strong></span> <span class='ocrx_word' id='word_1_137' title='bbox 1050 2646 1132 2708; x_wconf 88' lang='lat' dir='ltr'><strong>etin</strong></span> <span class='ocrx_word' id='word_1_138' title='bbox 1151 2646 1225 2709; x_wconf 92' lang='lat' dir='ltr'><strong>loco</strong></span> <span class='ocrx_word' id='word_1_139' title='bbox 1247 2647 1403 2729; x_wconf 88' lang='lat' dir='ltr'><strong>passionis</strong></span> 
     </span>
     <span class='ocr_line' id='line_1_20' title="bbox 456 2746 1404 2831; baseline 0 -21"><span class='ocrx_word' id='word_1_140' title='bbox 456 2746 534 2831; x_wconf 90' lang='lat' dir='ltr'><strong>ejus,</strong></span> <span class='ocrx_word' id='word_1_141' title='bbox 548 2755 582 2811; x_wconf 88' lang='lat' dir='ltr'><strong>et</strong></span> <span class='ocrx_word' id='word_1_142' title='bbox 595 2748 651 2810; x_wconf 91' lang='lat' dir='ltr'><strong>ubi</strong></span> <span class='ocrx_word' id='word_1_143' title='bbox 666 2757 740 2809; x_wconf 86' lang='lat' dir='ltr'><strong>ante</strong></span> <span class='ocrx_word' id='word_1_144' title='bbox 760 2747 863 2830; x_wconf 89' lang='lat' dir='ltr'><strong>majus</strong></span> <span class='ocrx_word' id='word_1_145' title='bbox 882 2748 979 2809; x_wconf 86' lang='lat' dir='ltr'><strong>altare</strong></span> <span class='ocrx_word' id='word_1_146' title='bbox 999 2749 1196 2830; x_wconf 78' lang='lat' dir='ltr'><strong>pernoctavit</strong></span> <span class='ocrx_word' id='word_1_147' title='bbox 1213 2746 1404 2820; x_wconf 87' lang='lat' dir='ltr'><strong>humandus,</strong></span> 
     </span>
     <span class='ocr_line' id='line_1_21' title="bbox 456 2845 1405 2932; baseline -0.002 -20"><span class='ocrx_word' id='word_1_148' title='bbox 456 2863 489 2912; x_wconf 85' lang='lat' dir='ltr'><strong>et</strong></span> <span class='ocrx_word' id='word_1_149' title='bbox 510 2849 566 2912; x_wconf 91' lang='lat' dir='ltr'><strong>ubi</strong></span> <span class='ocrx_word' id='word_1_150' title='bbox 580 2849 709 2912; x_wconf 87' lang='lat' dir='ltr'><strong>taudem</strong></span> <span class='ocrx_word' id='word_1_151' title='bbox 731 2850 873 2932; x_wconf 90' lang='lat' dir='ltr'><strong>sepultus</strong></span> <span class='ocrx_word' id='word_1_152' title='bbox 892 2859 951 2922; x_wconf 88' lang='lat' dir='ltr'><strong>ost,</strong></span> <span class='ocrx_word' id='word_1_153' title='bbox 967 2845 1135 2931; x_wconf 82' lang='lat' dir='ltr'><strong>paralytici</strong></span> <span class='ocrx_word' id='word_1_154' title='bbox 1152 2862 1310 2925; x_wconf 86' lang='lat' dir='ltr'><strong>curantur,</strong></span> <span class='ocrx_word' id='word_1_155' title='bbox 1326 2849 1405 2912; x_wconf 89' lang='lat' dir='ltr'><strong>coeci</strong></span> 
     </span>
     <span class='ocr_line' id='line_1_22' title="bbox 454 2945 1405 3032; baseline 0 -20"><span class='ocrx_word' id='word_1_156' title='bbox 454 2951 576 3027; x_wconf 87' lang='lat' dir='ltr'><strong>rident,</strong></span> <span class='ocrx_word' id='word_1_157' title='bbox 590 2950 676 3013; x_wconf 88' lang='lat' dir='ltr'><strong>surdi</strong></span> <span class='ocrx_word' id='word_1_158' title='bbox 695 2950 841 3020; x_wconf 85' lang='lat' dir='ltr'><strong>audiunt,</strong></span> <span class='ocrx_word' id='word_1_159' title='bbox 860 2952 1037 3032; x_wconf 90' lang='lat' dir='ltr'><strong>loquuntur</strong></span> <span class='ocrx_word' id='word_1_160' title='bbox 1057 2949 1148 3026; x_wconf 90' lang='lat' dir='ltr'><strong>muti,</strong></span> <span class='ocrx_word' id='word_1_161' title='bbox 1167 2945 1274 3013; x_wconf 85' lang='lat' dir='ltr'><strong>claudi</strong></span> <span class='ocrx_word' id='word_1_162' title='bbox 1294 2953 1405 3012; x_wconf 89' lang='lat' dir='ltr'><strong>ambu-</strong></span> 
     </span>
     <span class='ocr_line' id='line_1_23' title="bbox 455 3046 1405 3134; baseline 0.001 -21"><span class='ocrx_word' id='word_1_163' title='bbox 455 3052 536 3128; x_wconf 86' lang='lat' dir='ltr'><strong>lant,</strong></span> <span class='ocrx_word' id='word_1_164' title='bbox 549 3046 668 3134; x_wconf 87' lang='lat' dir='ltr'><strong>leprosi</strong></span> <span class='ocrx_word' id='word_1_165' title='bbox 681 3051 885 3124; x_wconf 85' lang='lat' dir='ltr'><strong>mundantur,</strong></span> <span class='ocrx_word' id='word_1_166' title='bbox 901 3049 1039 3114; x_wconf 84' lang='lat' dir='ltr'><strong>evadunt</strong></span> <span class='ocrx_word' id='word_1_167' title='bbox 1058 3050 1284 3127; x_wconf 85' lang='lat' dir='ltr'><strong>febricitantes,</strong></span> <span class='ocrx_word' id='word_1_168' title='bbox 1300 3071 1405 3133; x_wconf 87' lang='lat' dir='ltr'><strong>arrep-</strong></span> 
     </span>
     <span class='ocr_line' id='line_1_24' title="bbox 457 3150 1405 3229; baseline 0 -17"><span class='ocrx_word' id='word_1_169' title='bbox 457 3150 522 3213; x_wconf 89' lang='lat' dir='ltr'><strong>ticii</strong></span> <span class='ocrx_word' id='word_1_170' title='bbox 538 3171 558 3212; x_wconf 89' lang='lat' dir='ltr'><strong>a</strong></span> <span class='ocrx_word' id='word_1_171' title='bbox 572 3150 730 3214; x_wconf 72' lang='lat' dir='ltr'><strong>daemonio</strong></span> <span class='ocrx_word' id='word_1_172' title='bbox 744 3152 928 3229; x_wconf 86' lang='lat' dir='ltr'><strong>liberantur,</strong></span> <span class='ocrx_word' id='word_1_173' title='bbox 943 3163 974 3215; x_wconf 89' lang='lat' dir='ltr'><strong>et</strong></span> <span class='ocrx_word' id='word_1_174' title='bbox 995 3173 1014 3214; x_wconf 89' lang='lat' dir='ltr'><strong>a</strong></span> <span class='ocrx_word' id='word_1_175' title='bbox 1035 3151 1130 3213; x_wconf 84' lang='lat' dir='ltr'><strong>ratiis</strong></span> <span class='ocrx_word' id='word_1_176' title='bbox 1149 3151 1270 3213; x_wconf 86' lang='lat' dir='ltr'><strong>morbis</strong></span> <span class='ocrx_word' id='word_1_177' title='bbox 1289 3171 1405 3213; x_wconf 86' lang='lat' dir='ltr'><strong>sanan·</strong></span> 
     </span>
     <span class='ocr_line' id='line_1_25' title="bbox 457 3249 1406 3332; baseline 0.002 -22"><span class='ocrx_word' id='word_1_178' title='bbox 457 3261 508 3312; x_wconf 89' lang='lat' dir='ltr'><strong>tur</strong></span> <span class='ocrx_word' id='word_1_179' title='bbox 521 3249 644 3329; x_wconf 77' lang='lat' dir='ltr'><strong>agrati,</strong></span> <span class='ocrx_word' id='word_1_180' title='bbox 659 3251 836 3332; x_wconf 90' lang='lat' dir='ltr'><strong>blasphemi</strong></span> <span class='ocrx_word' id='word_1_181' title='bbox 852 3272 871 3313; x_wconf 89' lang='lat' dir='ltr'><strong>a</strong></span> <span class='ocrx_word' id='word_1_182' title='bbox 886 3251 1045 3314; x_wconf 84' lang='lat' dir='ltr'><strong>daemonio</strong></span> <span class='ocrx_word' id='word_1_183' title='bbox 1068 3251 1184 3332; x_wconf 86' lang='lat' dir='ltr'><strong>arrepti</strong></span> <span class='ocrx_word' id='word_1_184' title='bbox 1205 3249 1406 3312; x_wconf 82' lang='lat' dir='ltr'><strong>confundun-</strong></span> 
     </span>
     <span class='ocr_line' id='line_1_26' title="bbox 457 3349 1408 3435; baseline 0.001 -24"><span class='ocrx_word' id='word_1_185' title='bbox 457 3359 517 3426; x_wconf 85' lang='lat' dir='ltr'><strong>tur,</strong></span> <span class='ocrx_word' id='word_1_186' title='bbox 559 3359 603 3424; x_wconf 89' lang='lat' dir='ltr'><strong>et,</strong></span> <span class='ocrx_word' id='word_1_187' title='bbox 625 3349 713 3430; x_wconf 92' lang='lat' dir='ltr'><strong>quod</strong></span> <span class='ocrx_word' id='word_1_188' title='bbox 734 3371 754 3411; x_wconf 90' lang='lat' dir='ltr'><strong>a</strong></span> <span class='ocrx_word' id='word_1_189' title='bbox 775 3351 891 3414; x_wconf 90' lang='lat' dir='ltr'><strong>diebus</strong></span> <span class='ocrx_word' id='word_1_190' title='bbox 917 3362 1039 3435; x_wconf 88' lang='lat' dir='ltr'><strong>patrum</strong></span> <span class='ocrx_word' id='word_1_191' title='bbox 1064 3363 1242 3413; x_wconf 89' lang='lat' dir='ltr'><strong>nostrorum</strong></span> <span class='ocrx_word' id='word_1_192' title='bbox 1268 3371 1333 3412; x_wconf 91' lang='lat' dir='ltr'><strong>non</strong></span> <span class='ocrx_word' id='word_1_193' title='bbox 1360 3361 1408 3413; x_wconf 89' lang='lat' dir='ltr'><strong>est</strong></span> 
     </span>
     <span class='ocr_line' id='line_1_27' title="bbox 456 3450 1406 3533; baseline -0.001 -20"><span class='ocrx_word' id='word_1_194' title='bbox 456 3450 613 3528; x_wconf 88' lang='lat' dir='ltr'><strong>auditum,</strong></span> <span class='ocrx_word' id='word_1_195' title='bbox 637 3450 751 3512; x_wconf 90' lang='lat' dir='ltr'><strong>mortui</strong></span> <span class='ocrx_word' id='word_1_196' title='bbox 776 3462 952 3532; x_wconf 86' lang='lat' dir='ltr'><strong>resurgunt,</strong></span> <span class='ocrx_word' id='word_1_197' title='bbox 979 3450 1041 3512; x_wconf 94' lang='lat' dir='ltr'><strong>lllo</strong></span> <span class='ocrx_word' id='word_1_198' title='bbox 1065 3450 1134 3512; x_wconf 82' lang='lat' dir='ltr'><strong>haec</strong></span> <span class='ocrx_word' id='word_1_199' title='bbox 1159 3461 1191 3512; x_wconf 86' lang='lat' dir='ltr'><strong>et</strong></span> <span class='ocrx_word' id='word_1_200' title='bbox 1206 3451 1307 3532; x_wconf 88' lang='lat' dir='ltr'><strong>plura,</strong></span> <span class='ocrx_word' id='word_1_201' title='bbox 1334 3471 1406 3533; x_wconf 79' lang='lat' dir='ltr'><strong>quaa</strong></span> 
     </span>
     <span class='ocr_line' id='line_1_28' title="bbox 458 3543 1408 3635; baseline -0.001 -22"><span class='ocrx_word' id='word_1_202' title='bbox 458 3553 572 3615; x_wconf 78' lang='lat' dir='ltr'><strong>referre</strong></span> <span class='ocrx_word' id='word_1_203' title='bbox 594 3550 782 3635; x_wconf 86' lang='lat' dir='ltr'><strong>perlongum</strong></span> <span class='ocrx_word' id='word_1_204' title='bbox 805 3559 864 3626; x_wconf 86' lang='lat' dir='ltr'><strong>est,</strong></span> <span class='ocrx_word' id='word_1_205' title='bbox 883 3561 1047 3632; x_wconf 88' lang='lat' dir='ltr'><strong>operante,</strong></span> <span class='ocrx_word' id='word_1_206' title='bbox 1067 3543 1121 3633; x_wconf 89' lang='lat' dir='ltr'><strong>qui</strong></span> <span class='ocrx_word' id='word_1_207' title='bbox 1141 3551 1229 3612; x_wconf 91' lang='lat' dir='ltr'><strong>solus</strong></span> <span class='ocrx_word' id='word_1_208' title='bbox 1245 3560 1294 3612; x_wconf 87' lang='lat' dir='ltr'><strong>est</strong></span> <span class='ocrx_word' id='word_1_209' title='bbox 1313 3570 1408 3632; x_wconf 88' lang='lat' dir='ltr'><strong>supcr</strong></span> 
     </span>
     <span class='ocr_line' id='line_1_29' title="bbox 455 3649 1220 3715; baseline -0.005 0"><span class='ocrx_word' id='word_1_210' title='bbox 455 3651 565 3715; x_wconf 90' lang='lat' dir='ltr'><strong>omnia</strong></span> <span class='ocrx_word' id='word_1_211' title='bbox 577 3649 766 3715; x_wconf 88' lang='lat' dir='ltr'><strong>benedictus</strong></span> <span class='ocrx_word' id='word_1_212' title='bbox 780 3650 813 3713; x_wconf 90' lang='lat' dir='ltr'><strong>in</strong></span> <span class='ocrx_word' id='word_1_213' title='bbox 829 3650 949 3712; x_wconf 80' lang='lat' dir='ltr'><strong>saecula</strong></span> <span class='ocrx_word' id='word_1_214' title='bbox 963 3650 1062 3712; x_wconf 86' lang='lat' dir='ltr'><strong>Deus.</strong></span> <span class='ocrx_word' id='word_1_215' title='bbox 1107 3651 1220 3712; x_wconf 83' lang='lat' dir='ltr'><strong>Amen.</strong></span> 
     </span>
    </p>
   </div>
   <div class='ocr_carea' id='block_1_3' title="bbox 1624 729 1626 936">
    <p class='ocr_par' dir='ltr' id='par_1_4' title="bbox 1624 729 1626 936">
     <span class='ocr_line' id='line_1_30' title="bbox 1624 729 1626 822; baseline 0 0"><span class='ocrx_word' id='word_1_216' title='bbox 1624 729 1626 822; x_wconf 88' lang='lat' dir='ltr'><strong>l</strong></span> 
     </span>
     <span class='ocr_line' id='line_1_31' title="bbox 1624 823 1626 936; baseline 0 0"><span class='ocrx_word' id='word_1_217' title='bbox 1624 823 1626 936; x_wconf 89' lang='lat' dir='ltr'><strong>l</strong></span> 
     </span>
    </p>
   </div>
   <div class='ocr_carea' id='block_1_4' title="bbox 0 0 1831 5317">
    <p class='ocr_par' dir='ltr' id='par_1_5' title="bbox 0 0 1831 5317">
     <span class='ocr_line' id='line_1_32' title="bbox 0 0 1831 5317; baseline 0 0"><span class='ocrx_word' id='word_1_218' title='bbox 0 0 1831 5317; x_wconf 95' lang='lat' dir='ltr'><strong> </strong></span> 
     </span>
    </p>
   </div>
  </div>
 </body>
</html>
