3625 5317
604 801 681 846 arra
698 801 815 846 sarram
831 801 960 846 raons
976 801 1142 847 cauruaa.
1289 791 1352 850 867

398 956 432 1018 in
459 974 615 1026 sermone,
640 954 674 1016 in
700 974 796 1037 opere
818 954 996 1038 justitiam:
1029 966 1066 1018 ut
1090 975 1172 1038 quoa
1194 967 1262 1018 erat
1284 977 1354 1020 eru⁴

401 1057 525 1122 diturus
541 1057 648 1132 verbo,
663 1056 842 1119 sanctitatis
863 1077 931 1120 sure
949 1058 1113 1140 potentius
1135 1069 1278 1121 moveret
1298 1080 1356 1121 ex·

400 1159 516 1242 amplo.
546 1157 728 1220 Haereticos
744 1157 1031 1242 schismaticosque
1045 1158 1285 1238 infatigabiliter
1299 1179 1356 1222 ex·

401 1259 576 1342 pugnabat,
591 1272 623 1320 et
636 1278 802 1341 nunquam
825 1258 935 1321 induci
957 1259 1073 1340 potuit,
1087 1268 1122 1322 ut
1137 1280 1210 1322 cum
1226 1281 1358 1323 excom·

400 1361 569 1424 manicatis
599 1360 862 1423 communicaret
908 1360 1063 1444 Quisquis
1087 1382 1173 1424 sanae
1201 1360 1356 1426 doctrine

401 1462 635 1536 adversabatur,
661 1482 733 1524 eum
759 1462 821 1524 sibi
847 1463 971 1525 hostem
1002 1462 1142 1524 suturam
1166 1462 1200 1524 io
1229 1463 1358 1527 Christo

399 1583 465 1626 oon
482 1561 662 1625 dubitabat.
706 1563 843 1627 Justitiae
865 1584 994 1647 quoque
1017 1564 1091 1626 zelo
1112 1563 1249 1638 ferrens,
1265 1562 1353 1646 quod

402 1685 494 1728 surim
530 1674 598 1727 erat
631 1662 748 1747 cuique
786 1685 910 1726 servare
947 1665 1117 1740 nitebatur,
1152 1685 1357 1748 personarum

402 1785 533 1850 prorsus
549 1774 581 1827 ct
597 1785 763 1828 munerum
780 1766 970 1850 acceptione
985 1765 1129 1829 diducta.

445 1863 569 1928 Videns
593 1876 698 1928 autem
722 1865 824 1928 bostis
851 1867 1004 1949 antiquus
1028 1875 1153 1928 tantum
1178 1866 1280 1928 virum
1303 1885 1358 1929 ec·

404 1967 511 2031 clesiae
532 1965 594 2029 Dei
615 1965 787 2048 plurimum
808 1967 1020 2049 profuturum,
1034 1965 1161 2042 invidit,
1177 1977 1209 2030 et
1229 1989 1270 2030 ne
1285 1987 1358 2049 spe·

403 2078 471 2132 rata
490 2087 570 2151 pace
594 2077 675 2130 terra
699 2067 819 2130 diutius
844 2068 1008 2144 frueretur,
1029 2067 1149 2130 multos
1171 2080 1204 2130 et
1225 2089 1360 2149 magnos

404 2169 501 2250 elegit
530 2167 697 2232 discordiae
733 2169 966 2232 concitatores:
1005 2190 1061 2252 per
1090 2191 1172 2253 quos
1200 2169 1235 2232 in
1264 2167 1360 2232 corda

405 2271 488 2352 regis
516 2281 549 2332 et
577 2269 743 2332 curialium
772 2270 838 2332 odii
864 2271 1068 2334 seminarium
1100 2271 1227 2354 sparsit.
1282 2271 1361 2333 Orta

405 2371 565 2456 siquidem
593 2371 645 2434 bis
673 2371 919 2454 procurantibus
945 2372 1123 2456 quastione
1149 2393 1246 2455 super
1269 2372 1360 2455 regui

407 2469 694 2535 consuetudinibus
704 2483 737 2534 et
746 2470 820 2555 jure
832 2473 1063 2550 ecclesiastico,
1071 2471 1157 2536 filios
1168 2472 1360 2556 perditionis

406 2573 441 2636 in
456 2572 629 2655 perniciem
645 2573 749 2636 sancti
765 2574 821 2635 riri
840 2575 995 2638 excitarit
1014 2575 1072 2658 qui
1093 2576 1275 2638 subvertere
1291 2595 1358 2637 mo·

406 2673 565 2736 liebantur
594 2674 740 2736 ecclesian
774 2674 965 2736 libertatem.
1025 2672 1089 2734 Sed
1119 2694 1219 2755 quum
1248 2694 1360 2737 omnes

407 2773 670 2858 opprimerentur,
696 2771 937 2834 Cautuariensis
966 2772 1103 2834 ecclesia
1127 2773 1233 2854 ipsum
1260 2773 1361 2854 magis

409 2874 558 2953 angebat,
574 2869 667 2954 cujus
688 2871 839 2953 potestati
862 2872 978 2934 honori
993 2883 1027 2935 et
1040 2873 1167 2936 utilitati
1188 2873 1360 2955 plurimum

409 2972 630 3053 derogabatur,
653 2971 891 3050 insurgentibus
917 2972 950 3034 in
976 2992 1047 3034 eum
1074 2970 1211 3053 primum
1233 2973 1361 3054 Rogero

411 3073 611 3138 Eboraeensi
632 3073 890 3156 archiepiscopo,
905 3072 1024 3137 deinde
1042 3073 1227 3156 proceribus
1242 3074 1362 3151 multis,

411 3185 443 3236 et
457 3173 508 3236 his
530 3172 585 3256 qui
607 3171 761 3235 fidelitate
775 3183 808 3234 et
823 3169 988 3235 beneficiis
1012 3171 1156 3234 ecclesiae
1171 3173 1363 3236 tenebantur

410 3273 546 3336 obnoxii
560 3287 592 3336 et
607 3273 677 3356 ipso
692 3293 766 3353 rege
782 3271 971 3353 prohibente
990 3273 1108 3356 saepius
1123 3285 1155 3335 et
1169 3274 1363 3356 pertinacius

411 3395 453 3437 na
470 3374 501 3436 in
517 3373 662 3436 subditos
673 3373 779 3454 culpis
790 3371 994 3454 exigentibus
1005 3375 1194 3438 canonicam
1204 3373 1362 3458 justitiam

411 3485 581 3536 exerceret.
627 3473 774 3536 Potestas
799 3475 884 3536 euim
909 3475 992 3538 laica
1017 3475 1048 3536 in
1076 3495 1127 3537 res
1152 3485 1186 3538 et
1208 3495 1363 3555 personas

412 3571 553 3638 omnium
574 3593 632 3655 pro
653 3572 745 3634 libito
769 3573 990 3636 ecclesiastico
1006 3572 1080 3656 jure
1103 3582 1300 3654 contempto,
1313 3584 1363 3637 ta·

411 3674 559 3737 centibus
581 3685 636 3737 aut
658 3673 931 3736 murmurantibus
954 3671 1127 3754 episcopis,
1140 3672 1247 3753 potius
1266 3692 1362 3756 quam

412 3772 632 3836 resistentibus
646 3771 830 3856 usurpabat.
875 3771 1020 3835 Conatus
1035 3781 1084 3833 est
1098 3792 1173 3853 ergo
1187 3792 1245 3835 rex
1261 3772 1364 3836 archi·

412 3871 599 3954 episcopum
622 3874 787 3953 promissis
806 3884 840 3936 et
860 3871 1025 3935 blanditiis
1040 3871 1081 3933 ad
1097 3893 1188 3934 auum
1209 3874 1362 3936 inclinare

413 3992 614 4036 consensum.
667 3972 731 4034 Sed
756 3973 802 4034 rir
825 3970 969 4048 Domini,
991 3970 1143 4034 fundatus
1166 3972 1198 4033 in
1221 3981 1310 4054 petra
1331 3983 1365 4035 et

415 4073 581 4150 solidatus,
604 4093 664 4136 nec
688 4071 853 4135 blanditiis
876 4072 1009 4134 emolliri
1035 4072 1150 4156 potuit,
1171 4084 1207 4136 ut
1231 4093 1250 4134 a
1274 4074 1365 4138 cultu

409 4173 543 4256 justitiae
559 4172 708 4247 deviaret,
724 4193 784 4235 nec
801 4171 896 4234 minis
911 4173 1029 4234 terreri.

461 4273 558 4336 Hanc
572 4273 680 4356 itaque
696 4271 903 4336 mutationem
925 4271 1067 4335 dexterae
1087 4273 1208 4336 excelsi
1225 4274 1366 4354 maligna

417 4371 678 4454 interpretatione
702 4371 807 4436 conati
835 4384 910 4433 sunt
934 4371 1025 4454 impii
1053 4373 1230 4451 obfuscare,
1255 4394 1366 4456 super·
