3625 5317
489 776 531 835 88
730 788 867 834 Josuurs
882 788 1161 835 saussaaruansu
1300 772 1383 852 [arn.
1400 790 1437 835 11.

489 942 551 1003 Est
574 950 680 1003 autem
704 938 828 1023 positio,
844 940 952 1025 opinio
969 952 1121 1004 extranea
1139 938 1275 1026 alicujus
1288 952 1436 1004 notorum

490 1040 663 1105 secundum
675 1040 919 1126 philosophiam,
930 1054 968 1106 ut
978 1042 1130 1129 quoniam
1141 1045 1248 1107 omnia
1259 1054 1440 1119 morentur,

489 1141 577 1229 quod
603 1143 794 1218 Heraclitus,
810 1154 867 1207 aut
887 1164 986 1206 unum
1009 1157 1058 1206 est
1080 1146 1160 1219 Ens,
1175 1143 1264 1230 quod
1288 1141 1439 1207 Melissus

491 1243 615 1309 statuit.
660 1243 780 1309 Nullus
801 1244 898 1322 enim,
921 1244 979 1330 qui
1000 1258 1139 1309 mentem
1161 1245 1289 1324 habeat,
1303 1242 1439 1307 deducet

491 1344 523 1407 in
546 1342 766 1430 quaestionem,
784 1343 871 1428 quod
887 1343 967 1408 nulli
984 1344 1142 1423 rideatur,
1158 1368 1215 1409 nec
1234 1344 1439 1432 quodomni-

491 1436 553 1511 bua
574 1444 776 1509 manifestum
798 1457 858 1525 est,
880 1458 937 1509 aut
959 1444 1019 1522 bis,
1042 1468 1181 1531 quorum
1198 1446 1358 1533 judicium
1381 1444 1438 1509 ob-

492 1547 582 1613 tinet.
617 1548 699 1611 Nam
711 1546 780 1612 haec
792 1568 853 1611 non
866 1546 983 1612 habent
996 1547 1244 1612 dubitationem:
1265 1546 1321 1611 illa
1331 1558 1437 1610 autem

492 1670 584 1713 nemo
610 1661 716 1735 ponet.
761 1646 918 1726 Quocirca
943 1646 1063 1713 nullam
1092 1646 1271 1712 liberalium
1302 1644 1440 1731 discipli-

492 1772 604 1815 narum
628 1748 785 1814 utiliorem
805 1772 873 1813 esse
894 1748 1094 1825 crediderim,
1108 1771 1205 1835 quam
1221 1749 1327 1825 istam,
1341 1771 1363 1813 a
1375 1769 1440 1833 qua

492 1852 524 1916 in
544 1874 653 1917 ornnes
674 1850 884 1937 pbilosophiae
906 1862 1013 1936 partes
1031 1848 1134 1914 facilia
1152 1864 1185 1915 et
1199 1850 1277 1915 felix
1298 1863 1346 1914 est
1368 1872 1441 1935 pro-

491 1976 615 2019 cessus:
640 1953 681 2017 sd
696 1952 814 2034 nullam
830 1955 912 2017 enim
928 1952 1093 2017 scientiam
1107 1952 1270 2018 invenitur
1283 1952 1439 2027 infirmus,

493 2052 543 2117 cui
559 2050 736 2137 probabilia
751 2052 965 2117 innotescunt.

493 2228 572 2309 Cap.
592 2232 640 2290 16.
665 2226 761 2301 Quod
772 2246 877 2290 omnes
891 2229 951 2291 atti
962 2230 1154 2310 professores
1168 2230 1268 2309 hujus
1283 2231 1443 2295 Aristoteli

903 2329 1033 2394 cadunt.

538 2474 639 2537 Unus
661 2470 792 2558 quidem
816 2471 989 2538 manifesta
1011 2472 1139 2537 videtur
1160 2473 1301 2550 insaniae,
1322 2473 1368 2538 illi
1388 2474 1441 2539 de-

485 2575 618 2639 trahere
633 2572 820 2660 disciplinoe,
834 2596 909 2660 quae
931 2596 1040 2638 omnes
1061 2574 1140 2639 alias
1162 2575 1303 2657 instruit,
1318 2590 1350 2641 et
1373 2577 1441 2641 sine

495 2676 588 2762 cujus
602 2675 754 2741 beneficio
768 2674 876 2741 nullus
891 2687 976 2741 recte
991 2676 1287 2762 investigationibus
1301 2676 1443 2763 physicis

495 2776 648 2863 procedit.
685 2775 935 2863 Scripseruntde
946 2798 984 2840 ea
996 2775 1211 2863 quamplures,
1222 2776 1299 2843 ethi
1310 2776 1442 2864 quidem

495 2881 576 2946 sicut
591 2880 775 2956 acutissimi,
790 2879 836 2944 ita
856 2892 888 2943 et
911 2877 1144 2963 diligentissimi
1167 2878 1443 2967 philosophorum,

496 3006 575 3068 quos
589 3005 697 3048 omnes
718 2978 906 3067 reprebendi
929 2977 1033 3064 palam
1054 2993 1102 3044 est
1124 2980 1165 3045 ab
1187 2982 1248 3059 his,
1263 2982 1320 3068 qui
1343 2996 1441 3049 artem

495 3082 578 3150 banc
592 3083 808 3147 criminantur.
853 3079 958 3146 Studii
973 3102 1109 3167 numque
1127 3081 1292 3163 detractio,
1306 3084 1446 3149 auctoris

497 3183 678 3249 indubitata
691 3180 870 3244 criminatio
884 3191 941 3246 est.
985 3182 1097 3246 Unum
1113 3182 1187 3259 scio,
1204 3183 1293 3268 quod
1309 3184 1445 3249 Cornifi-

497 3288 580 3350 cium
596 3284 764 3368 posteritas
778 3278 841 3343 illis
860 3301 1059 3366 nequaquam
1076 3283 1243 3367 prael'eret:
1267 3306 1339 3349 narn
1357 3286 1445 3350 Aris·

499 3384 621 3463 toteles,
661 3380 826 3467 Apuleius,
868 3381 993 3460 Cicero,
1030 3384 1239 3470 Porphyrius,
1280 3386 1447 3463 Boethius,
1482 3370 1487 3377 ⁵

499 3487 710 3572 Augustinus,
724 3494 759 3547 ut
782 3480 976 3559 Eudemum,
992 3482 1222 3562 Alexandrum,
1245 3487 1447 3572 Theophras-

500 3600 582 3664 tum,
612 3597 644 3652 et
673 3583 753 3650 alios
781 3585 978 3668 expositores
1008 3598 1128 3650 taceam
1164 3589 1309 3673 (quorum
1339 3602 1444 3653 nmen

500 3689 631 3754 celebris
646 3682 747 3772 gloria
762 3688 825 3767 est)
837 3706 946 3749 omnes
957 3688 1036 3752 artis
1051 3686 1157 3772 hujus,
1168 3687 1257 3754 velut
1271 3689 1448 3776 triumpha·

501 3790 600 3867 tricis,
616 3788 700 3854 inter
721 3786 798 3851 alias
819 3784 934 3871 grandi
956 3787 1112 3873 praeconio
1134 3812 1261 3854 erexere
1285 3790 1447 3856 vexillum.

502 3893 565 3961 Sed
587 3914 688 3978 quum
705 3888 819 3976 singuli
842 3893 907 3955 suis
928 3894 1049 3957 meritis
1071 3892 1268 3977 splendeant,
1285 3916 1395 3959 omnes
1416 3918 1449 3959 se

501 3992 680 4062 Aristotelis
695 3992 826 4057 adorare
843 3992 974 4075 vestigia
987 3992 1183 4078 gloriantur:
1207 3994 1288 4059 adeo
1308 3995 1449 4080 quidem,

502 4112 539 4165 ut
568 4116 745 4164 commuue,
763 4092 903 4157 omnium
933 4093 1194 4180 philosophorum
1223 4118 1337 4160 nomen
1364 4117 1451 4180 proe·

501 4202 677 4267 eminentia
702 4196 840 4279 quodum
866 4193 926 4257 sibi
955 4197 1117 4280 proprium
1144 4197 1265 4263 lecerit.
1311 4202 1394 4263 Nam
1421 4214 1453 4262 et

501 4301 743 4381 antonomatice,
755 4296 788 4362 id
800 4309 859 4373 est,
871 4295 1071 4374 excellenter,
1088 4304 1097 4333 ‘
1110 4298 1332 4385 philosophus*
1342 4298 1451 4387 appel-

501 4411 596 4472 latur.
