3625 5317
479 772 539 833 tea
733 784 869 831 Joaurua
885 780 1161 829 manumissam
1273 764 1357 839 [nm.
1374 780 1424 827 111.

476 935 597 1012 nitatis,
634 932 808 1010 studiosus,
837 932 977 1007 virtutis,
1011 931 1205 1011 Platonicus,
1233 933 1424 1005 Socraticm

476 1034 707 1122 professionum
723 1045 798 1097 sunt
813 1033 960 1107 nomina3
990 1030 1161 1119 pradictus
1175 1031 1286 1116 itaque
1299 1052 1351 1093 rea
1364 1030 1425 1115 sig-

477 1136 616 1201 nifioant.
657 1136 712 1199 Ex
726 1158 793 1220 quo
807 1134 911 1221 liquet
926 1134 1075 1222 qnoniam
1091 1132 1282 1217 significare,
1296 1132 1378 1197 aient
1392 1146 1424 1195 et

477 1236 664 1325 predicare,
691 1236 914 1323 multipliciter
941 1234 1080 1299 dieitur:
1117 1234 1172 1298 aed
1202 1234 1277 1320 quia
1312 1234 1424 1298 modus

476 1336 739 1405 familiarissimus
760 1338 812 1419 sit,
832 1338 1012 1404 discernere
1036 1336 1141 1424 palam
1163 1349 1221 1401 eat
1266 1335 1350 1400 Inde
1369 1350 1426 1415 est,

477 1440 566 1527 quod
583 1442 704 1527 justus,
724 1452 757 1505 et
779 1439 904 1515 similia,
926 1441 1044 1525 passim
1065 1437 1154 1525 apud
1172 1457 1329 1518 auctores,
1343 1458 1426 1503 nunc

478 1541 632 1607 dicuntur
644 1542 786 1628 justum,
800 1562 886 1605 nune
903 1540 1063 1627 justitiam
1078 1538 1267 1624 signifiare,
1280 1538 1331 1603 vel
1347 1561 1424 1626 pra·

477 1643 593 1709 diotre·
638 1640 703 1709 sed
722 1654 778 1707 aut
799 1640 930 1705 omnino
949 1662 1012 1705 non
1034 1640 1242 1716 convertitur,
1256 1652 1314 1704 aut
1335 1642 1425 1704 raria-

478 1746 557 1811 eime
577 1744 757 1810 invenitur:
789 1742 815 1809 ai
837 1754 944 1809 tamen
966 1742 1030 1807 hoe
1049 1741 1179 1819 alicubi,
1194 1740 1281 1828 quod
1300 1742 1425 1828 justitia

473 1846 599 1932 justum
623 1846 792 1931 significet,
806 1858 864 1909 aut
886 1843 1049 1930 praedioet.
1094 1843 1249 1907 Boethius
1268 1854 1375 1907 autem
1395 1842 1426 1905 iu

478 1946 562 2012 libro
574 1947 617 2011 de
627 1946 797 2022 Trinitate,
815 1949 925 2020 Quum
936 1944 1055 2029 inquit,
1066 1945 1136 2009 &oo
1145 1945 1358 2024 Demjrotus
1371 1952 1426 2021 eat,

478 2049 669 2127 qualitatem
693 2046 800 2109 oidaor
817 2047 1011 2126 prodiente:
1047 2048 1104 2110 aaa
1121 2047 1262 2129 predioo
1281 2048 1427 2110 mortan-

478 2148 576 2211 non.-
598 2148 702 2221 inuno,
714 2166 784 2209 eum
798 2166 868 2227 qua
880 2154 1041 2230 estaupro
1050 2148 1273 2212 nummum.
1312 2148 1426 2224 Quare,

479 2245 622 2330 inquam,
633 2244 819 2330 qualitatem
832 2246 997 2311 videbitur
1009 2249 1194 2332 praedicare,
1203 2252 1231 2312 ai
1242 2248 1302 2312 hoc
1316 2270 1426 2312 nomen

474 2346 583 2431 justus
596 2368 659 2410 non
674 2346 826 2432 predicet
840 2348 1038 2435 qualitatem.
1084 2348 1166 2413 Tale
1180 2362 1227 2413 est
1242 2347 1323 2413 illud
1341 2348 1428 2412 Aris

479 2444 597 2525 totalis,
606 2444 793 2531 qualitatem
807 2446 996 2534 significant,
1008 2458 1049 2514 ut
1058 2452 1185 2515 alonim
1207 2453 1428 2535 quantitatem,

482 2557 519 2611 ut
541 2545 732 2611 bicubitum.
778 2547 829 2613 Sia
852 2550 966 2637 utique
987 2551 1064 2634 quia
1084 2551 1204 2616 dantur
1224 2574 1244 2615 a
1264 2550 1428 2635 qualitate,

481 2648 532 2713 vel
556 2649 747 2734 quantitate,
772 2649 818 2714 ita
846 2663 879 2715 et
906 2650 1093 2736 qualitatem
1123 2651 1309 2736 proedieant,
1334 2671 1428 2735 quam

481 2748 629 2836 apposita
643 2748 860 2815 demonstrant
878 2751 980 2815 inease
1000 2752 1170 2836 subjectis:
1199 2752 1362 2816 interdum
1381 2751 1429 2815 di·

480 2863 599 2916 cuntur
624 2850 800 2936 significare
829 2850 949 2936 qualia,
974 2852 1125 2936 qnoniam
1150 2852 1348 2938 appositione
1372 2874 1429 2916 sua

481 2950 645 3018 declarant
660 2955 767 3038 qualia
783 2954 845 3018 sint
868 2954 1023 3040 subjecta.
1069 2953 1131 3017 sed
1154 2953 1222 3019 boec
1244 2976 1264 3017 a
1285 2957 1369 3033 se,ei
1390 2951 1430 3017 sit

482 3053 639 3140 benignus
660 3054 827 3141 interpres,
849 3078 912 3120 non
935 3054 1074 3119 multum
1096 3054 1225 3132 distant,
1240 3056 1300 3120 etsi
1321 3056 1432 3120 audito

480 3153 581 3218 Allius
593 3153 803 3239 intelligatur,
815 3161 849 3219 in
860 3180 923 3238 quo
937 3159 1067 3223 albedo:
1089 3178 1191 3241 quum
1204 3171 1311 3220 autem
1323 3158 1431 3222 albedo

482 3252 612 3328 dicitur,
624 3272 686 3314 non
702 3254 901 3338 intelligatur
916 3260 953 3320 in
967 3279 1030 3339 quo
1040 3257 1229 3332 talisoolor3
1253 3258 1308 3322 sed
1324 3258 1431 3343 potius

482 3348 569 3412 oolor
582 3348 700 3413 iaciens
714 3352 788 3415 tale.
834 3352 921 3417 Illud
937 3378 1013 3420 vero
1029 3358 1118 3443 quod
1139 3357 1249 3422 audita
1264 3380 1340 3421 voce
1359 3378 1430 3422 oon-

482 3446 561 3531 cipit
574 3444 764 3526 intellectus,
780 3451 880 3537 ipsius
894 3452 1137 3520 familiarissima
1151 3456 1339 3542 significatio
1354 3469 1408 3522 est

484 3604 564 3691 Cap.
580 3614 609 3673 3.
635 3608 720 3683 Quo
733 3613 775 3674 ait
791 3612 1117 3693 praedicamentorum
1134 3617 1305 3696 oonooptio,
1319 3621 1350 3678 et
1365 3616 1432 3696 qui-

577 3708 634 3773 bus
649 3718 798 3775 contenta
813 3714 856 3775 ait
869 3713 1021 3775 sobrietas
1031 3715 1336 3796 philosophantium.

528 3834 623 3909 Qum
638 3859 714 3923 ergo
728 3854 785 3906 aut
800 3841 975 3928 aequivoce,
987 3854 1047 3908 aut
1058 3845 1203 3923 univoca,
1220 3858 1277 3912 aut
1290 3847 1432 3913 denomi-

485 3934 603 4012 nativo,
625 3948 662 4001 ut
684 3951 857 4025 aequantur
876 3941 1102 4009 indifferentiae
1121 3946 1290 4029 rationem,
1311 3947 1434 4033 singula

484 4034 716 4120 proedicmtm3
755 4041 886 4127 ipsaque
916 4044 1101 4127 pradicatio
1129 4050 1280 4134 quaedam
1312 4049 1433 4115 rationi·

484 4136 582 4203 nandi
602 4140 737 4205 materia
758 4154 816 4219 est,
832 4143 1152 4227 praedicamentorum
1175 4151 1339 4236 proemiaaa
1360 4161 1433 4216 aunt

484 4238 705 4322 instrumenta,
716 4264 789 4328 quae
805 4243 1037 4327 negotiantium
1053 4271 1092 4313 ex
1106 4264 1175 4316 arto
1187 4274 1318 4337 operam
1333 4254 1434 4339 impe·

484 4336 586 4421 diunt,
601 4353 656 4405 aut
668 4356 864 4427 promovent,
875 4356 932 4409 aut
943 4362 1126 4431 pmaurantt
1151 4374 1226 4416 nam
1241 4356 1432 4428 Multioocm
