3625 5317
490 786 531 843 90
752 796 887 847 scansis
903 798 1182 847 ssansnsarsssrs
1303 790 1389 865 [sm.
1407 811 1444 855 ιι.

487 946 633 1035 simplex,
648 970 697 1011 res
712 946 827 1025 brevis,
843 948 991 1013 etfacilis
1012 966 1170 1035 quantum
1193 967 1312 1038 potest,
1330 957 1444 1023 debea-

486 1064 540 1113 tur
553 1046 801 1113 introducendis.
846 1048 936 1113 Adeo
950 1050 1094 1135 quidem,
1111 1066 1148 1118 ut
1162 1067 1195 1117 et
1211 1055 1315 1119 multa
1336 1057 1369 1120 in
1389 1082 1439 1122 re·

486 1151 547 1216 bus
569 1150 762 1227 difficilibus,
782 1151 906 1217 facilius
925 1173 1024 1238 quam
1045 1176 1155 1219 earnm
1178 1171 1295 1222 natura
1317 1161 1437 1245 exigat,

487 1253 633 1318 licentius
658 1270 892 1339 proponantur:
916 1276 955 1317 eo
979 1254 1068 1341 quod
1096 1256 1129 1319 in
1152 1258 1332 1342 puerilibus
1353 1263 1442 1327 annis

486 1355 696 1420 addiscuntur
711 1354 823 1435 multa,
836 1378 913 1440 quse
932 1356 1031 1420 serior
1052 1356 1264 1445 philosophia
1285 1375 1440 1429 tractatus

485 1457 637 1523 eliminat.
684 1458 839 1521 Naturam
864 1471 969 1521 tamen
997 1459 1224 1525 universalium
1249 1461 1301 1525 bic
1327 1486 1436 1529 omnes

485 1561 671 1648 expediunt,
688 1573 720 1626 et
734 1559 922 1625 altissimum
944 1560 1120 1646 negotium,
1139 1578 1172 1628 et
1190 1564 1321 1651 majoris
1334 1568 1439 1653 inqui-

485 1663 617 1743 titionis,
640 1676 750 1729 contre
770 1674 907 1728 mentem
932 1664 1073 1728 auctoris
1096 1664 1256 1751 explicare
1280 1668 1437 1733 nituntur.

484 1766 575 1833 Alius
589 1789 665 1853 ergo
679 1764 869 1831 consistitis
884 1766 1017 1830 vocibus
1033 1763 1123 1850 (licet
1145 1766 1213 1833 δα
1232 1768 1341 1853 opinio
1362 1792 1434 1834 cum

485 1869 638 1935 Rocelino
658 1892 716 1933 suo
740 1868 804 1932 lere
821 1867 949 1932 omnino
963 1869 1031 1955 jam
1050 1870 1250 1951 wanneritz)
1273 1869 1357 1935 alins
1371 1894 1435 1937 ser·

484 1992 592 2035 mones
605 1971 760 2043 intuetur,
773 1982 805 2033 et
819 1970 859 2033 sd
872 1968 944 2035 illos
958 1969 1141 2058 detorquet,
1153 1971 1309 2058 quicquid
1319 1974 1437 2038 alicubi

483 2073 524 2137 de
547 2071 777 2137 universalibus
796 2070 940 2136 meminit
966 2071 1131 2159 scriptum.
1180 2074 1218 2137 ln
1243 2074 1303 2138 bac
1328 2088 1436 2141 autem

481 2174 629 2261 opinione
659 2170 876 2259 deprehensus
909 2186 957 2237 est
994 2173 1227 2261 Peripateticus
1265 2175 1430 2241 Palatinus

483 2273 677 2341 Abaelardus
692 2288 808 2350 noster,
824 2271 880 2360 qui
896 2272 1017 2339 multos
1035 2273 1176 2362 reliquit,
1192 2290 1225 2342 et
1239 2276 1346 2341 adbuc
1359 2278 1432 2363 qui·

482 2376 553 2441 dem
580 2376 705 2464 sliquos
731 2376 825 2441 babet
852 2377 1057 2463 professionis
1084 2377 1183 2465 hujus
1208 2392 1379 2444 sectatores
1403 2388 1435 2445 ct

482 2488 582 2545 lactes.
628 2480 730 2545 Amici
746 2484 807 2545 mei
824 2492 912 2546 sunt:
938 2479 1008 2546 licet
1023 2480 1071 2545 ita
1084 2480 1274 2566 plerumque
1293 2482 1434 2568 captivs·

483 2597 546 2648 tsm
568 2582 778 2670 detorqueant
800 2583 937 2660 literam,
962 2596 998 2647 ut
1019 2582 1068 2647 vel
1090 2582 1202 2647 durior
1223 2583 1359 2660 suimus,
1375 2586 1433 2649 mi·

482 2684 635 2750 sermione
650 2685 735 2751 illius
750 2700 904 2750 movetur.
951 2689 1032 2750 Rem
1054 2685 1093 2749 de
1111 2708 1143 2748 re
1164 2685 1329 2771 praedicari
1345 2708 1433 2750 mon-

479 2802 580 2855 strum
595 2789 735 2863 ducunt;
760 2788 832 2854 licet
847 2788 1033 2854 Aristoteles
1047 2786 1315 2853 monstruositatis
1335 2788 1432 2875 hujus

479 2906 590 2959 auctor
604 2895 656 2971 sit,
672 2906 704 2959 et
721 2916 784 2957 rem
801 2891 841 2956 de
862 2915 895 2958 re
918 2892 1090 2977 sepissime
1111 2905 1231 2955 asserat
1247 2890 1429 2976 predicari:

478 2996 565 3083 quod
592 2998 696 3083 palam
722 3010 780 3075 est,
800 2994 860 3059 nisi
882 2991 1095 3072 dissimulent,
1115 2991 1325 3057 familiaribus
1350 2993 1431 3078 ejus.

481 3099 574 3164 Alius
590 3112 734 3165 versatur
748 3098 781 3160 in
796 3094 1020 3172 intellectibus,
1030 3105 1063 3159 et
1076 3118 1130 3159 cos
1145 3093 1304 3159 duntaxat
1315 3116 1431 3180 genera

477 3200 555 3266 dicit
582 3223 658 3277 esse,
684 3214 716 3262 et
743 3198 871 3283 species.
916 3199 1056 3263 Sumunt
1080 3196 1163 3261 enim
1191 3196 1384 3260 occasionem
1412 3220 1431 3259 a

479 3303 632 3366 Cicerone
646 3313 677 3363 et
697 3298 843 3375 Boethio,
867 3300 925 3384 qui
940 3298 1147 3364 Aristotelem
1169 3296 1300 3362 laudant
1320 3311 1431 3363 aucto·

478 3425 555 3483 rem,
570 3401 657 3488 quod
679 3401 748 3465 bac
768 3400 853 3465 credi
874 3414 906 3465 et
929 3400 991 3464 dici
1012 3402 1149 3466 debeant
1170 3402 1323 3465 notiones.
1369 3401 1429 3464 Est

476 3519 596 3579 autem,
613 3516 649 3569 ut
664 3504 766 3581 aiunt,
781 3503 869 3568 notio
882 3526 921 3568 ex
939 3517 1012 3568 ante
1030 3516 1181 3590 percepta
1199 3501 1304 3568 forma
1321 3500 1428 3585 cujus-

476 3608 597 3693 querci
612 3606 759 3693 cognitio,
776 3606 964 3671 enodatione
977 3605 1133 3692 indigens.
1179 3606 1228 3669 Et
1241 3606 1334 3669 olibi:
1362 3603 1427 3667 No-

477 3710 522 3775 tio
536 3725 583 3776 est
598 3710 727 3798 quidam
744 3709 932 3784 intellectus,
944 3721 978 3774 et
987 3706 1124 3795 simplex
1139 3706 1235 3771 animi
1250 3706 1425 3793 conceptio.

477 3814 528 3877 Eo
542 3836 619 3897 ergo
633 3812 812 3878 deflectitur
827 3809 981 3898 quicquid
996 3809 1149 3896 scriptum
1165 3822 1225 3889 est,
1235 3819 1273 3872 ut
1287 3806 1427 3872 intellec·

476 3930 528 3981 tus
553 3928 608 3980 sut
635 3914 734 3992 notio,
759 3912 984 3978 universalium
1016 3909 1254 3977 universitatem
1285 3908 1423 3974 claudat.

476 4016 596 4080 Eorum
616 4038 701 4091 vero,
717 4016 772 4102 qui
794 4015 889 4078 rebus
908 4014 1073 4091 inhaerent,
1095 4012 1205 4078 multoe
1224 4028 1301 4078 sunt
1321 4026 1353 4076 et
1373 4011 1424 4076 di·

474 4140 573 4185 verses
587 4118 766 4203 opiniones:
791 4115 946 4203 siquidem
964 4117 1025 4193 bic,
1037 4115 1110 4180 ideo
1120 4116 1208 4203 quod
1224 4136 1318 4179 omne
1332 4113 1421 4200 quod

473 4246 571 4289 unum
587 4236 646 4299 est,
659 4241 790 4285 numero
801 4233 859 4296 est,
872 4234 928 4281 sut
940 4239 1004 4281 rem
1018 4218 1237 4296 universalem,
1249 4231 1306 4281 aut
1321 4238 1417 4279 unam

474 4349 606 4391 numero
631 4346 707 4399 osse,
730 4336 785 4385 sut
810 4320 939 4385 omnino
963 4342 1025 4383 non
1050 4342 1118 4384 esse
1139 4318 1313 4385 concludit.
1359 4316 1423 4383 Sed

474 4428 552 4512 quia
573 4422 765 4513 impossibile
788 4422 1009 4489 substantialia
1031 4443 1092 4487 non
1116 4444 1193 4497 essc,
1210 4420 1423 4487 existentibus
