3625 5317
490 738 531 798 96
751 750 885 795 maurus
902 748 1183 795 sanassnamnsrs
1213 812 1217 818 1
1302 734 1388 808 [arn.
1405 751 1441 795 rr.

489 904 555 968 sine
570 900 703 965 aliorum
725 899 930 976 admixtione,
953 899 1103 987 perspicit
1123 899 1320 985 singulatim.
1368 901 1439 964 Hoc

489 1016 595 1068 autem
626 1014 750 1065 naturae
776 1024 881 1065 rerum
910 1024 971 1065 non
1002 1000 1200 1080 adversatur,
1224 1024 1300 1087 quse
1323 1002 1365 1065 ad
1392 1003 1441 1065 sui

489 1103 763 1191 investigationem
784 1103 865 1167 hanc
884 1115 1071 1189 potestatem
1097 1102 1233 1167 contulit
1253 1103 1441 1180 intellectui,

491 1219 528 1270 ut
557 1206 656 1291 possit
685 1205 855 1289 conjuncta
889 1201 1084 1289 disjungere,
1113 1218 1146 1268 et
1180 1204 1342 1290 disjuncta
1371 1228 1443 1269 eon-

486 1305 632 1390 jungere.

526 1410 687 1473 Caeterum
700 1426 900 1491 componens,
912 1404 969 1489 qui
981 1404 1140 1491 disjuncta
1152 1406 1329 1493 conjungit,
1340 1407 1442 1470 inanis

489 1519 555 1573 est:
578 1506 764 1571 abstrahens
780 1528 855 1569 vero
869 1504 983 1582 fidelis,
999 1518 1031 1570 et
1046 1507 1139 1591 quasi
1153 1507 1303 1593 quaedsm
1318 1507 1443 1572 officina

489 1608 631 1673 omnium
657 1608 785 1673 artium.
833 1608 877 1671 Et
900 1606 1032 1693 quidem
1055 1608 1151 1672 rebus
1172 1609 1331 1673 existendi
1359 1631 1443 1673 unus

490 1724 537 1776 est
554 1710 677 1788 modus,
694 1732 789 1797 quem
811 1708 928 1774 scilicet
950 1722 1065 1773 natura
1085 1709 1233 1788 contulit,
1247 1710 1303 1775 sed
1318 1710 1442 1774 easdem

490 1812 688 1898 intelligendi
716 1825 772 1876 aut
804 1810 1015 1896 significandi,
1040 1833 1102 1875 non
1134 1832 1217 1875 unus
1246 1824 1294 1876 est
1319 1812 1442 1875 modus.

493 1914 581 1979 Licet
605 1914 688 1978 enim
711 1935 779 1977 esse
801 1924 939 1998 nequeat
961 1911 1068 1989 homo,
1083 1912 1140 1998 qui
1163 1934 1225 1976 non
1247 1912 1289 1976 sit
1307 1914 1378 1991 iste,
1394 1917 1444 1978 vel

493 2014 574 2079 alius
596 2015 702 2089 homo,
718 2013 853 2098 intelligi
877 2026 980 2077 tamen
1002 2026 1107 2100 potest
1130 2028 1162 2079 et
1186 2015 1377 2100 significari:
1401 2017 1445 2081 ita

493 2115 579 2201 quod
596 2137 653 2178 nec
674 2114 884 2199 intelligatur,
900 2138 958 2179 nec
979 2116 1175 2201 significetur
1190 2117 1262 2193 iste,
1278 2116 1327 2180 vel
1350 2118 1443 2183 alius.

494 2217 583 2301 Ergo
604 2215 644 2279 ad
665 2214 924 2299 significationem
944 2215 1227 2304 incomplexorum,
1244 2240 1302 2302 per
1323 2219 1445 2284 abstra-

494 2316 622 2380 hentem
644 2314 838 2379 intellectum
861 2338 977 2400 genera
999 2316 1231 2404 concipiantur,
1252 2332 1285 2381 et
1307 2319 1442 2403 species:

493 2440 567 2502 quae
591 2430 707 2495 tamen,
733 2420 759 2481 si
785 2418 857 2504 quis
880 2420 912 2481 in
936 2440 1041 2483 rerum
1065 2434 1191 2496 natura,
1217 2420 1402 2504 diligentius
1426 2444 1446 2483 a

495 2517 694 2583 sensibilibus
724 2533 856 2597 remota,
882 2533 1018 2606 quaerat,
1042 2519 1120 2583 nibil
1151 2534 1235 2605 aget,
1262 2536 1293 2586 et
1323 2522 1446 2585 frustra

495 2620 673 2685 laborabit:
709 2620 787 2685 nibil
817 2621 901 2684 enim
932 2621 995 2685 tale
1024 2634 1140 2685 natura
1168 2623 1303 2708 peperit.
1348 2624 1446 2687 Ratio

494 2735 602 2786 autern
627 2746 665 2786 ea
689 2721 910 2810 deprehendit,
935 2723 1176 2788 substantialem
1204 2723 1444 2789 similitudinem

493 2845 599 2889 rerum
623 2825 837 2891 differentium
862 2838 1059 2912 pertractans
1079 2825 1166 2911 apud
1190 2848 1235 2902 se,
1251 2825 1444 2913 desinitque,

496 2927 580 2990 sicut
602 2926 756 2991 Boethius
778 2927 835 3003 ait,
858 2925 1005 3011 generale
1024 2938 1215 3009 conceptum
1235 2949 1341 3005 auum,
1356 2926 1445 3013 quod

494 3025 535 3091 de
559 3026 724 3092 hominum
755 3028 978 3092 conformitate
1007 3026 1188 3113 perpendit,
1219 3028 1281 3092 sic:
1317 3031 1446 3093 animal

492 3132 655 3193 rationale
668 3130 807 3193 mortale.
852 3128 946 3206 Quod
960 3129 1081 3215 utique,
1094 3128 1154 3193 nisi
1170 3127 1200 3193 in
1217 3128 1445 3215 singularibus,

494 3248 638 3293 essenon
661 3242 774 3313 potest.
823 3230 904 3293 Sunt
925 3232 1033 3316 itaque
1047 3253 1164 3315 genera
1186 3244 1219 3296 et
1242 3231 1359 3317 species
1381 3253 1445 3294 uon

493 3323 622 3414 quidem
638 3351 689 3391 res
704 3348 723 3390 a
738 3326 955 3413 singularibus
976 3345 1049 3396 actu
1066 3344 1098 3396 et
1119 3333 1307 3397 naturaliter
1321 3334 1446 3413 alienae,

494 3426 548 3493 sed
565 3427 712 3516 quaedam
729 3428 920 3493 naturalium
936 3443 968 3494 et
983 3431 1155 3496 actualium
1172 3432 1348 3518 phantasiae
1363 3436 1447 3498 reni·

495 3540 597 3593 tentes
611 3528 799 3609 intellectui,
813 3528 853 3593 de
869 3528 1076 3596 similitudine
1090 3532 1276 3612 actualium,
1291 3547 1444 3619 tanquam

495 3634 528 3695 in
545 3630 671 3717 speculo
691 3631 808 3695 nativae
824 3630 975 3716 puritatis
989 3632 1090 3716 ipsius
1104 3634 1229 3715 animae,
1243 3657 1325 3720 quas
1340 3635 1449 3700 Graeci

496 3730 595 3804 lavatas
607 3729 671 3795 sire
684 3730 855 3813 εἰκονὸφανας
866 3730 1038 3815 appellant,
1048 3731 1108 3796 boc
1118 3746 1166 3797 est
1176 3756 1280 3798 rerum
1293 3735 1448 3819 imagines

495 3835 527 3898 in
545 3847 647 3899 mente
662 3848 859 3922 apparentes.
905 3836 1025 3899 Anima
1037 3835 1120 3900 enim
1144 3838 1235 3924 quasi
1248 3839 1449 3904 reverberata

496 3934 1446 4023 aciecontemplationisauae,inseipsareperit‚quoddelinit:

498 4058 568 4101 nam
586 4049 617 4100 et
633 4037 702 4121 ejus
725 4035 889 4122 exemplar
909 4037 942 4100 in
960 4036 1029 4122 ipsa
1043 4046 1102 4113 est,
1119 4037 1301 4124 exemplum
1324 4041 1445 4103 veroin

496 4138 686 4204 actualibus.
724 4138 815 4203 Sicut
831 4136 913 4201 enim
930 4160 1030 4224 quum
1048 4138 1078 4201 in
1094 4140 1301 4224 grammatica
1316 4140 1447 4216 dicitur,

419 4326 422 4331 ,
496 4246 627 4307 nomina
643 4260 718 4324 quae
732 4242 778 4305 sio
792 4242 953 4316 desinunt,
960 4244 1139 4322 femimam,
1154 4247 1204 4307 ael
1224 4252 1343 4307 rseutra
1358 4251 1448 4318 aunt,

496 4344 650 4428 generalis
664 4342 812 4428 quaedam
829 4340 1047 4429 prescribitur
1062 4343 1154 4421 ratio,
1170 4366 1244 4429 quoe
1258 4342 1351 4430 quasi
1366 4343 1449 4408 mul-
