3625 5317
467 792 508 849 52
727 798 862 845 soannrs
878 794 1158 842 sanssnsaransrs
1292 781 1379 855 [tm.
1394 797 1420 840 1.

469 950 623 1018 similibus
637 946 699 1013 mei
714 947 851 1015 multum
867 969 930 1012 uon
951 945 1093 1033 prodest.
1137 948 1279 1011 Exstant
1300 957 1421 1021 autem,

470 1077 543 1139 quat
558 1051 678 1115 discere
692 1050 745 1114 vix
763 1050 947 1125 sufficimus,
958 1049 1014 1113 sed
1029 1048 1134 1113 minus
1148 1070 1304 1114 curamus.
1343 1050 1424 1111 Pro-

470 1156 599 1219 ficereut
625 1166 730 1217 tamen
756 1151 929 1238 plurimum
955 1149 1075 1234 regulas
1100 1149 1331 1233 analogiarum,
1351 1162 1424 1234 ety-

472 1253 692 1339 mologiarum,
717 1253 955 1338 glossematum,
981 1251 1251 1327 differentiarum
1285 1265 1318 1317 et
1346 1275 1422 1338 qnae

473 1356 679 1433 Barbarismi,
696 1354 882 1430 Soloecismi,
897 1352 1097 1438 aliorumque
1118 1352 1322 1418 vitandorum
1343 1353 1424 1418 vitia

472 1468 666 1521 monstrant:
683 1453 937 1541 metaplasmum,
944 1452 1206 1539 schematumque
1214 1466 1246 1519 et
1256 1466 1422 1539 troporum

472 1557 651 1624 licentiosas
660 1571 691 1622 et
703 1569 830 1620 ornatas
839 1554 972 1620 edocent
984 1554 1133 1633 rationes,
1142 1577 1253 1641 prosas
1262 1556 1423 1643 aperiunt,

474 1673 646 1725 metrorum
668 1658 753 1744 leges
772 1658 924 1733 educunt,
939 1669 971 1721 et
991 1666 1155 1742 exponunt
1169 1678 1290 1734 causas,
1305 1672 1338 1723 et
1356 1680 1424 1742 qua

474 1764 596 1829 ratione
612 1761 660 1827 uti
682 1773 826 1847 oporteat
841 1760 872 1823 iu
888 1757 1040 1833 historiis,
1055 1769 1110 1822 sut
1128 1757 1362 1825 narrationibus
1376 1759 1425 1823 fa-

474 1864 607 1931 bulosis.
652 1866 687 1929 Si
703 1862 774 1949 quis
789 1862 923 1927 istorum
948 1858 1158 1936 definitiones,
1172 1859 1354 1947 ligiuaaqua
1368 1860 1424 1925 de-

474 1964 604 2038 siderat,
628 1962 826 2047 superiorum
852 1958 1131 2045 grammaticorum
1153 1960 1252 2025 libros
1277 1962 1423 2029 evolvat:

474 2086 554 2149 quos
575 2062 601 2125 si
623 2062 785 2128 universos
804 2060 845 2125 ad
868 2082 996 2126 manum
1016 2061 1134 2126 habere
1155 2084 1218 2126 nou
1239 2074 1355 2147 potest,
1368 2088 1424 2129 ex-

473 2163 577 2252 ploret
601 2162 677 2249 quid
701 2163 781 2228 scitu
803 2162 936 2247 dignum
962 2174 1073 2249 carpat
1098 2185 1119 2227 a
1143 2163 1285 2246 singulis.
1330 2166 1425 2247 Quia,

474 2265 534 2329 etsi
548 2286 615 2329 non
629 2267 731 2329 omnis
745 2266 790 2328 od
802 2268 910 2329 omniu
924 2286 1060 2348 quaeque
1080 2269 1175 2331 utilia
1187 2269 1366 2343 invenitur,
1381 2268 1424 2334 ad

475 2366 577 2431 multa
594 2366 736 2430 Isidorus
751 2379 868 2443 tamen,
883 2379 915 2432 et
936 2367 1013 2432 satia
1034 2368 1210 2432 communis
1223 2380 1283 2445 est,
1298 2383 1331 2434 et
1352 2369 1426 2434 dili·

474 2470 564 2552 genti
576 2466 731 2532 brevitate
741 2467 924 2549 laudabilis,
933 2483 966 2534 et
978 2467 1004 2533 si
1016 2481 1103 2534 totus
1114 2469 1221 2534 haberi
1233 2494 1295 2535 non
1307 2484 1425 2558 potest,

474 2567 516 2631 ad
527 2566 765 2631 instructionem
779 2566 997 2651 legendorum,
1008 2568 1179 2655 plurimum
1192 2570 1315 2635 confert
1325 2570 1425 2658 ipsius

475 2668 658 2734 memoriter
673 2667 722 2733 vel
739 2668 819 2733 hauc
836 2670 973 2735 tenuisse
989 2669 1189 2757 particulam.

475 2832 555 2920 Cap.
567 2838 619 2898 21.
644 2834 785 2909 Quantis
797 2835 877 2898 or'rr's
888 2835 1061 2917 placuerit,
1077 2842 1108 2900 et
1121 2836 1207 2919 quod
1219 2838 1291 2899 aine
1303 2857 1343 2901 eo
1356 2857 1424 2899 non

516 2940 623 3019 magis
637 2938 709 3021 qun
719 2939 942 3022 philosophari
952 2944 1068 3022 potest,
1082 2959 1180 3021 quom
1195 2941 1224 3001 st·
1237 2943 1281 3003 sit
1293 2940 1423 3017 surdus,

517 3047 578 3103 aut
593 3047 713 3103 mutus.

521 3154 636 3219 Parus
650 3178 689 3219 ex
705 3155 765 3230 his,
782 3178 844 3220 non
859 3157 944 3220 circa
958 3178 1056 3221 unum
1078 3161 1316 3240 grammaticam
1331 3181 1424 3224 oocu-

475 3254 565 3340 pari;
597 3254 651 3317 sed
676 3254 716 3317 ad
739 3256 857 3332 omnia,
879 3278 954 3340 quar
976 3255 1073 3317 verbo
1094 3255 1200 3319 doceri
1222 3273 1366 3341 possunt,
1387 3274 1424 3327 ut

475 3375 586 3419 eorum
598 3376 696 3439 capax
711 3353 761 3427 sit,
774 3357 915 3420 animum
928 3354 1145 3439 praeformare:
1171 3356 1254 3420 unde
1266 3375 1426 3442 quantum

475 3454 506 3517 ei
520 3472 628 3515 omnes
650 3449 720 3514 aliae
741 3448 916 3537 disciplinae
937 3449 1086 3515 obnoxiae
1105 3452 1180 3530 sint,
1196 3458 1334 3544 quisque
1351 3485 1426 3527 con.

474 3552 601 3617 sideret.
633 3550 687 3615 Ad
703 3550 828 3616 laudem
842 3572 932 3615 suam
948 3552 1148 3620 reterendum
1161 3569 1276 3641 putant
1291 3560 1424 3647 quidam

476 3668 668 3733 nostrorum,
688 3652 776 3739 quod
799 3654 865 3717 sine
886 3656 1093 3738 grammatica
1112 3660 1271 3743 garriunt,
1291 3685 1426 3750 eamque

474 3754 610 3820 credunt
630 3754 786 3834 inutilem,
805 3768 836 3822 et
859 3756 964 3841 palam
987 3757 1129 3845 culpant,
1150 3762 1324 3846 gloriantes
1342 3789 1375 3830 se
1394 3768 1425 3832 ei

473 3876 604 3941 operam
620 3878 682 3919 non
698 3855 830 3923 dedisse.
876 3859 923 3921 At
944 3862 1077 3925 Marcus
1091 3862 1218 3928 Tullius
1236 3886 1300 3929 non
1313 3865 1425 3933 oderat

475 3956 589 4036 lilium,
604 3980 623 4021 a
638 3957 749 4044 quoin
766 3957 918 4044 epistolis,
931 3958 1014 4024 sicut
1030 3975 1174 4047 apparet,
1184 3969 1425 4049 grammaticam

473 4056 698 4123 instantissime
728 4058 887 4141 exigebat.
941 4059 1040 4124 Caius
1071 4064 1179 4126 Caesar
1211 4065 1251 4128 de
1280 4066 1426 4154 analogia

473 4156 569 4221 libros
584 4156 704 4223 edidit:
732 4160 833 4224 sciens
853 4163 919 4224 sine
939 4181 989 4237 ea,
1005 4183 1109 4247 neque
1132 4164 1172 4227 ad
1191 4165 1423 4253 philosophiam

476 4257 523 4336 (in
539 4278 603 4343 qua
618 4258 827 4345 peritissimus
842 4265 922 4343 erat)
939 4283 996 4325 nec
1011 4261 1050 4324 ad
1067 4262 1278 4351 eloquentiam
1298 4268 1342 4349 (in
1359 4292 1426 4355 qua

474 4360 736 4444 potentissimus)
761 4385 852 4450 posse
874 4364 1056 4449 quempiam
1080 4368 1252 4452 pertenire.
1298 4371 1426 4449 Quinti-
