3625 5317
412 764 484 810 ese.
504 746 566 827 nn]
772 761 1018 814 usrmooreus.
1311 756 1372 821 165

412 918 609 984 Communes
633 914 716 982 enim
741 919 972 1005 conceptiones,
993 943 1014 983 ε
1037 920 1235 1006 singulorum
1259 920 1372 989 induo-

412 1015 498 1081 tione
512 1015 608 1081 fidem
624 1016 811 1083 sortiuntur.
857 1018 1058 1105 Impossibile
1076 1023 1159 1086 enim
1176 1034 1223 1087 est
1241 1022 1368 1089 unirer-

411 1112 493 1181 salin'
511 1117 680 1204 speculari,
703 1141 765 1185 non
791 1143 849 1206 per
873 1120 1111 1187 inductionem:
1142 1123 1306 1209 quonism,
1329 1138 1367 1191 ut

410 1219 468 1295 sit,
493 1241 566 1305 ques
589 1241 629 1283 ex
654 1220 866 1287 abstractione
889 1222 1054 1306 dicuntur,
1074 1246 1133 1310 per
1155 1224 1367 1310 inductiones,

411 1324 533 1407 ignote,
560 1335 636 1386 note
661 1322 755 1388 liunt.
801 1323 959 1389 Inducere
982 1339 1187 1402 autemnon
1214 1326 1368 1394 hebentes

409 1446 549 1497 sensum,
575 1424 770 1511 impossibile
795 1439 853 1490 est.
900 1427 1118 1512 Singularium
1144 1425 1226 1492 enim
1255 1452 1366 1495 musus

411 1540 477 1591 est:
505 1546 564 1589 nec
578 1526 736 1611 contingit
751 1526 893 1613 ipsorum
914 1528 1057 1614 occipere
1071 1528 1245 1607 scientium,
1261 1553 1365 1617 neque

408 1652 451 1694 ex
463 1628 694 1694 universalibus
706 1629 771 1695 sine
786 1629 982 1709 inductione,
994 1654 1052 1696 nec
1066 1654 1124 1717 per
1138 1631 1366 1716 inductionem,

409 1730 476 1795 sine
491 1752 595 1795 seusu.
636 1731 691 1795 Fit
706 1753 783 1817 ergo
797 1754 836 1795 ex
853 1754 946 1797 sensu
962 1733 1133 1799 memorie:
1156 1757 1196 1798 ex
1211 1734 1364 1800 memoris

410 1832 585 1897 multorum
602 1833 719 1920 sepius
741 1835 867 1913 iterata,
882 1834 1154 1921 experimentum:
1181 1836 1224 1901 ab
1241 1836 1365 1922 experi-

407 1934 533 2011 mentis,
556 1934 706 2014 scientiae,
728 1947 785 1999 sut
810 1934 899 2013 artis,
922 1936 1005 2002 retio
1029 1949 1149 2003 menet.
1192 1940 1294 2003 Porro
1318 1939 1361 2003 ab

406 2050 486 2113 erte,
510 2060 583 2123 quae
603 2060 662 2103 usu
686 2048 719 2101 et
741 2038 969 2103 exercitatione
990 2038 1117 2104 firmnts
1137 2052 1198 2117 est,
1212 2041 1361 2127 provenit

406 2137 540 2205 facultas
554 2139 734 2226 exequendi
749 2162 797 2216 en,
810 2162 883 2225 qum
897 2163 938 2205 ex
953 2152 1022 2205 erte
1031 2140 1171 2226 gerendo
1185 2157 1273 2208 sunt.
1307 2143 1362 2209 Sic

406 2241 517 2327 itaque
539 2264 648 2308 sensus
670 2242 822 2328 corporis,
844 2242 901 2329 qui
925 2242 1028 2329 primu
1055 2244 1114 2323 vis,
1136 2256 1195 2309 ent
1217 2245 1359 2331 primum

406 2342 594 2408 exercitium
605 2344 719 2409 nnimae
729 2358 788 2426 est,
800 2345 941 2411 omnium
957 2346 1075 2411 artium
1087 2346 1231 2434 praejncit
1244 2348 1361 2413 lundu-

405 2458 528 2510 meutn:
560 2459 592 2512 ει
618 2448 872 2534 praeexistcntem
895 2449 1013 2515 formet
1037 2449 1262 2535 cognitionem,
1285 2473 1359 2538 quae

405 2546 516 2641 primis
530 2548 694 2643 principiis
709 2548 791 2615 viam
808 2573 871 2616 non
888 2550 984 2616 modo
997 2552 1113 2639 sperit,
1129 2550 1184 2617 sed
1197 2563 1229 2616 et
1245 2550 1343 2638 perit.

403 2868 485 2955 Cep.
502 2873 532 2933 9.
558 2869 649 2943 Quid
661 2886 790 2939 sensns.-
819 2875 851 2931 el
865 2867 1019 2949 quomodo
1032 2870 1137 2931 omnis
1147 2870 1358 2952 philosophie

460 2972 587 3055 species,
601 2990 643 3034 en
657 2972 726 3052 ipso
740 2970 941 3035 convalescat
950 2990 1012 3053 per
1025 2970 1300 3053 imnpinalionem.

444 3142 590 3206 Pensm
610 3149 716 3202 nutem
740 3150 788 3203 est
807 3138 868 3202 hoc
888 3136 1075 3225 diligentius
1096 3136 1277 3226 inspicienti
1299 3161 1358 3225 per

401 3242 538 3329 singule.
584 3242 667 3307 Nem
683 3263 783 3327 quum
801 3262 911 3305 sensus
928 3239 1118 3322 (secundum
1134 3240 1354 3327 Aristotelem)

402 3348 445 3411 sit
467 3342 622 3409 naturalis
643 3343 788 3429 potentie
814 3342 986 3408 indicative
1007 3366 1125 3421 rerum,
1146 3355 1205 3408 aut
1225 3344 1356 3411 omnino

401 3470 465 3513 non
480 3460 540 3526 est,
554 3458 610 3513 sut
626 3449 681 3511 vix
696 3458 744 3509 est
759 3443 912 3531 cognitio,
923 3444 1090 3509 deficiente
1105 3468 1213 3511 sensu:
1238 3448 1265 3511 si
1280 3448 1356 3533 quis

399 3571 497 3636 opere
510 3560 646 3625 neturae,
662 3570 738 3634 quse
752 3569 791 3611 ex
808 3545 982 3626 elementis,
993 3545 1044 3609 vel
1059 3545 1192 3610 materie
1205 3559 1353 3612 constant

399 3664 432 3717 et
442 3652 554 3726 forms,
565 3660 735 3737 pertractet
748 3671 820 3713 cum
834 3646 983 3733 Physieo,
995 3645 1205 3712 ratiocinandi
1215 3647 1298 3710 viam
1310 3647 1352 3716 ab

400 3750 517 3815 indicio
528 3772 675 3817 sensuum
688 3761 867 3815 mutuetur.
897 3748 931 3811 Si
944 3770 1020 3811 vero
1033 3769 1109 3813 cum
1123 3744 1355 3813 Mathematico

399 3855 519 3940 ligures
544 3854 720 3929 abstrahet,
746 3865 804 3918 sut
828 3874 980 3917 numeros
1008 3852 1181 3938 partiatur,
1207 3851 1355 3922 discrete

400 3955 631 4029 multitudinis,
670 3968 726 4021 aut
762 3955 988 4019 continuorum
1023 3976 1194 4040 corporum
1229 3956 1354 4041 copiam

400 4059 549 4125 fidelibus
563 4058 663 4124 oeulis
678 4055 804 4143 ingerit.
851 4056 1066 4142 Philosophus
1087 4077 1218 4142 quoque
1232 4056 1289 4141 qni
1306 4078 1356 4119 rs-

401 4160 549 4227 tionalem
564 4171 700 4236 exercet,
712 4159 770 4246 qui
782 4159 876 4224 etiam
891 4171 956 4223 tam
969 4156 1096 4245 Physici
1111 4178 1208 4243 qunm
1226 4154 1355 4220 Mathe-

400 4264 509 4329 matici
530 4263 627 4329 cliens
649 4275 709 4343 est,
728 4263 769 4327 sb
791 4261 829 4326 iis
851 4259 975 4347 incipit,
998 4283 1073 4348 quoe
1095 4277 1245 4322 sensuum
1268 4258 1356 4321 testi-

402 4364 508 4429 monio
531 4363 766 4442 convalescunt,
787 4373 819 4426 et
841 4360 1014 4446 proliciunt
1040 4358 1081 4422 ad
1104 4352 1356 4441 intelligibilium
