3625 5317
421 835 496 881 car.
512 814 585 885 xm]
790 836 1032 883 usrscoorcos.
1318 826 1378 886 los

422 996 528 1051 tamen
543 986 705 1072 quomodo
723 988 890 1053 senteutiae
914 986 1101 1054 Aristotelis
1122 1000 1301 1074 coaptetur,
1317 992 1375 1077 qui

421 1089 610 1153 universalia
625 1111 687 1153 non
700 1112 766 1155 essa
779 1090 956 1173 contendit,
967 1114 1030 1155 non
1045 1091 1251 1177 perspicuum
1264 1091 1376 1157 habeo.

421 1190 483 1254 Sed
499 1204 530 1256 et
545 1193 683 1271 nomina,
694 1215 769 1279 quae
783 1193 935 1278 praemisi,
949 1198 1183 1278 incorporeum,
1198 1207 1230 1259 et
1246 1193 1377 1260 insensi-

418 1291 491 1368 bile,
504 1294 737 1360 universalibus
748 1295 928 1376 convenire,
940 1296 1099 1381 privativa
1109 1294 1142 1360 in
1156 1297 1202 1360 eis
1213 1296 1374 1363 duntaxat

402 1410 504 1474 sunt,
519 1421 577 1462 nec
597 1402 808 1485 proprietates
827 1400 964 1485 aliquas,
978 1400 1101 1486 quibus
1120 1412 1237 1465 natura
1250 1400 1378 1465 univer·

417 1498 544 1576 salium,
566 1500 773 1580 discernatur,
795 1499 858 1565 illis
880 1500 1083 1565 attribuunt:
1115 1500 1273 1587 siquidem
1295 1500 1375 1565 nihil

417 1602 652 1688 incorporeum,
674 1616 729 1668 aut
756 1602 952 1679 insensibile,
975 1601 1154 1668 universale
1178 1620 1237 1668 est.
1288 1608 1372 1668 Nam

415 1703 576 1789 quicquid
591 1707 813 1789 incorporeum
837 1716 897 1781 est,
913 1716 971 1767 aut
988 1704 1129 1788 Spiritus
1151 1718 1211 1781 est,
1226 1718 1284 1769 aut
1298 1726 1373 1790 pro·

417 1802 537 1889 prietas
552 1805 705 1890 corporis,
716 1818 774 1870 aut
786 1804 936 1891 Spiritus.
969 1804 1065 1882 Quod
1082 1805 1107 1867 si
1119 1804 1151 1868 in
1168 1826 1234 1868 rem
1249 1805 1375 1869 univer-

417 1904 513 1969 salem
532 1926 594 1969 non
614 1906 713 1983 cadit,
730 1906 844 1993 utique
858 1928 922 1970 non
945 1919 1030 1971 recte
1050 1910 1229 1989 incorporei
1243 1907 1375 1993 suscipit

415 2028 543 2071 nomen.
590 2008 677 2085 Quid
698 2022 870 2075 astantem
892 2007 1126 2094 incorporeum,
1142 2009 1230 2094 quod
1251 2008 1373 2075 nonsit

416 2109 594 2174 substantia
618 2124 724 2175 creata
745 2134 766 2174 a
787 2116 868 2192 Deo,
882 2112 933 2175 vel
954 2109 1015 2195 ipsi
1038 2111 1244 2176 concretum?
1278 2112 1373 2177 Itasi

417 2208 604 2275 universalia
618 2210 804 2297 incorporea
822 2225 910 2290 sunt,
924 2224 981 2275 aut
996 2225 1073 2277 suut
1089 2212 1288 2291 substantiae,
1303 2233 1373 2277 cor-

417 2333 495 2397 pora
506 2310 634 2391 scilicet,
645 2326 700 2377 sut
716 2314 864 2399 Spiritus,
875 2326 933 2377 aut
947 2326 1094 2378 concreta
1105 2313 1166 2394 his,
1177 2326 1210 2378 et
1222 2337 1265 2379 ex
1275 2336 1373 2379 causa

416 2436 483 2478 suae
497 2415 683 2491 existentias,
700 2429 732 2480 et
753 2416 891 2503 quodam
909 2417 1096 2483 substantia·
1117 2429 1279 2495 contactu,
1296 2431 1371 2483 sunt

413 2516 553 2582 obnoxia
581 2520 727 2583 creatori.
776 2517 912 2583 Valeant
942 2532 1060 2600 autem,
1090 2520 1156 2583 imo
1185 2518 1369 2607 dispereant

419 2619 618 2698 universalis,
631 2620 657 2684 si
672 2619 700 2683 ei
711 2619 852 2685 obnoxia
867 2641 930 2684 non
945 2633 1031 2686 sunt.
1062 2621 1178 2685 Omnia
1189 2643 1246 2709 per
1261 2620 1367 2708 ipsum

414 2718 499 2785 facta
526 2734 618 2785 sunt:
655 2722 774 2803 Utique
799 2729 867 2785 tum
893 2723 1032 2802 sulv'ccto
1048 2724 1250 2805 formosum,
1272 2746 1370 2805 quam

401 2822 528 2904 sormoe
537 2824 770 2907 subjectorum:
794 2833 831 2884 ut
846 2821 921 2893 sint,
934 2819 1022 2915 quod
1036 2819 1131 2885 asnis
1145 2818 1370 2906 qualitatibus,

413 2920 464 2986 vel
486 2946 506 2986 a
521 2924 587 2987 suis
607 2922 776 2987 affectibus
791 2921 953 2985 dicuntur.
999 2924 1046 2986 Ut
1068 2920 1248 2984 substantia
1269 2921 1311 2985 ab
1332 2947 1371 2987 eo

412 3024 595 3089 substantia
609 3024 661 3098 sit,
678 3025 718 3087 sit
734 3034 867 3109 quauta,
883 3025 924 3086 sit
941 3021 1056 3107 qualis,
1069 3020 1110 3085 sit
1125 3021 1165 3085 ad
1182 3020 1317 3107 aliquid,
1329 3024 1370 3090 sit

411 3123 544 3198 alicubi,
566 3126 608 3190 sit
629 3124 815 3211 aliquando,
835 3136 868 3188 et
890 3122 1011 3210 aliquid
1035 3122 1160 3200 habeat,
1180 3138 1238 3188 aut
1259 3123 1367 3204 saciat,

409 3239 470 3291 sut
492 3227 645 3313 patiatur,
665 3227 721 3292 illo
743 3240 884 3307 auctore,
898 3249 956 3311 per
979 3248 1074 3312 quem
1097 3239 1145 3293 est
1165 3226 1270 3291 omnis
1292 3228 1367 3293 sub-

412 3330 543 3405 stantia,
563 3327 666 3392 omnis
687 3328 866 3414 proprietas
889 3328 1088 3408 substantiae,
1103 3341 1136 3393 et
1155 3327 1257 3393 omnis
1280 3352 1366 3417 pars,

411 3429 515 3493 omnis
541 3450 670 3515 quoque
696 3451 852 3514 compago
877 3432 1030 3515 partium.
1076 3430 1208 3494 Formae'
1232 3454 1365 3518 quoque

412 3543 477 3595 tam
498 3530 732 3608 substantiales,
746 3554 845 3618 quam
866 3531 1086 3603 accidentales,
1103 3531 1221 3596 habent
1241 3533 1367 3620 abipso

412 3644 450 3697 ut
474 3636 549 3709 siut,
572 3646 605 3697 et
631 3646 667 3697 ut
693 3656 768 3699 suos
790 3634 822 3697 in
849 3633 1001 3720 subjectis
1024 3647 1197 3720 operentur
1222 3633 1367 3701 effectus.

412 3734 506 3812 Quod
528 3734 635 3821 itaque
658 3740 687 3801 ei
705 3735 880 3807 obnoxium
903 3758 967 3799 non
987 3749 1047 3814 est,
1061 3734 1190 3799 omnino
1214 3736 1293 3800 nihil
1308 3750 1366 3803 est.

413 3835 506 3900 Licet
521 3836 603 3900 enim
618 3836 715 3902 Stoici
729 3840 799 3901 Deo
813 3850 935 3923 ponant
950 3835 1112 3900 materiam
1125 3851 1323 3914 coaterusm,
1336 3851 1369 3903 et

410 3936 521 4001 lormae
533 3938 641 4003 dicant
656 3936 782 4002 nullum
797 3936 940 4003 extitisse
952 3935 1158 4022 principium,
1171 3938 1233 4001 tria
1247 3961 1366 4027 ponen-

412 4049 460 4100 tes
479 4038 646 4123 principia,
661 4038 838 4115 materiam,
852 4037 986 4101 formam
1009 4051 1040 4101 et
1061 4041 1179 4114 Deum,
1195 4061 1259 4103 non
1276 4063 1367 4105 crea-

409 4150 512 4205 torem
528 4139 671 4226 quidem,
684 4139 738 4203 sed
754 4138 981 4226 proedictorum
995 4140 1243 4219 conciliatorem3
1264 4142 1366 4205 etalii

408 4241 543 4327 quidam
566 4242 771 4329 professione,
785 4254 816 4305 et
833 4246 949 4307 affectu
970 4241 1163 4327 philosophi,
1180 4240 1234 4304 sed
1250 4264 1370 4327 nequa-

409 4364 508 4427 quam
536 4342 576 4406 ad
604 4342 734 4429 plenum
766 4341 831 4407 veri
859 4342 1004 4409 notitiam
1031 4352 1244 4426 assequentes,
1272 4341 1367 4427 plura

411 4446 609 4511 mentiantur
629 4444 803 4531 principia:
835 4467 942 4510 rerum
966 4444 1234 4509 omniumunum
1253 4446 1370 4532 princi·
