3625 5317
445 779 508 841 ill
707 783 1133 832 rossrussumnransrs

446 941 630 1014 solubiliter,
655 939 829 1004 Dororiam
852 939 1014 1022 prolectam
1038 949 1108 1014 est;
1135 939 1247 1020 ibique
1271 937 1395 999 iureuit

445 1045 595 1112 clericum
611 1039 771 1126 quendam
785 1040 916 1104 nomine
930 1041 1128 1103 erlelnruur
1142 1039 1186 1102 de
1205 1040 1396 1114 warewast,

445 1165 538 1230 qoem
562 1163 619 1208 rex
634 1143 703 1206 siue
728 1142 800 1205 Deo
822 1141 864 1206 ad
886 1143 1072 1206 dunelmum
1097 1140 1270 1204 direxerat
1320 1141 1394 1202 llo

443 1259 530 1312 ratus
550 1253 599 1309 est
619 1245 648 1308 is
669 1241 784 1307 diebus
805 1243 989 1327 quindecim
1008 1243 1043 1306 in
1062 1262 1176 1306 mensa
1188 1241 1345 1316 Anselmi,
1358 1251 1397 1304 nt

443 1345 637 1412 domesticus
656 1345 688 1408 iu
710 1345 859 1409 omnibus
875 1355 910 1408 et
928 1344 1051 1428 ubique
1070 1345 1194 1407 intrans
1212 1357 1246 1406 et
1258 1343 1393 1412 oriem

443 1467 504 1512 noc
521 1445 617 1512 alicui
631 1445 753 1510 indicat
769 1444 810 1508 sd
828 1445 909 1529 quid
926 1444 1046 1508 missus
1064 1445 1117 1508 sit.
1159 1446 1270 1518 Qnurn
1288 1453 1394 1507 autern

441 1557 549 1612 nantas
571 1567 682 1610 narem
705 1557 853 1628 urgerent
869 1545 1044 1609 ascendere
1065 1559 1101 1610 et
1120 1547 1255 1610 moine
1273 1547 1396 1628 proler-

443 1659 564 1723 renturr
582 1667 659 1711 eece
674 1645 758 1710 idem
774 1645 957 1710 willelmus
971 1667 1045 1709 oum
1060 1657 1192 1730 stupore
1205 1646 1348 1709 omnium
1362 1659 1396 1709 et

444 1747 662 1832 indignatione
685 1744 965 1829 archiepiscopum
984 1748 1074 1811 rolnt
1092 1747 1260 1828 fugitivum
1279 1761 1314 1810 et
1335 1748 1391 1809 sl's

443 1847 535 1932 errius
564 1847 705 1912 criminis
728 1867 815 1910 reum
840 1845 874 1909 in
903 1847 997 1910 litore
1025 1847 1158 1924 detinet,
1180 1848 1338 1910 manticas
1361 1860 1396 1910 et
1457 1847 1462 1856 ’

442 1947 716 2026 clitellasorolrit,
731 1947 854 2030 etquid
870 1947 902 2012 iu
926 1935 994 2012 iota
1012 1950 1204 2031 supellectili
1223 1949 1396 2012 haberetur

442 2051 586 2117 solicitus
613 2059 826 2134 perscrutator
850 2051 1006 2133 explorat
1057 2051 1180 2114 Delusa
1207 2061 1258 2113 est
1285 2061 1392 2113 autem

443 2147 615 2214 solicitudo
645 2146 828 2231 querentis,
853 2147 992 2230 pecunia
1019 2167 1084 2209 non
1114 2147 1254 2210 inventa.
1298 2149 1393 2211 Tunc

442 2257 546 2312 nutum
570 2247 701 2310 licenter
723 2245 874 2310 Anselmo
898 2245 1075 2325 recedente,
1097 2268 1172 2311 curn
1191 2247 1341 2331 precibus
1360 2259 1395 2310 et

439 2347 611 2432 luchrymis
636 2347 910 2429 circumspectans
931 2347 1103 2412 multitudo
1124 2349 1338 2432 prosequitur,
1358 2359 1393 2412 et

441 2449 473 2514 lu
489 2446 642 2511 nuncium
659 2445 844 2510 redeuntem
866 2449 1087 2513 acerbissimas
1109 2450 1346 2532 increpationes
1359 2461 1394 2513 et

440 2545 681 2632 imprecationes
695 2547 864 2631 intorquet.
910 2549 974 2611 vix
989 2551 1150 2634 aliquanto
1169 2549 1266 2612 meris
1286 2549 1392 2632 spatio

441 2649 572 2734 digressi
599 2660 673 2714 sunt
701 2647 958 2732 peregrinantes,
986 2661 1018 2714 et
1043 2671 1121 2714 ecee
1150 2661 1272 2715 munte
1296 2662 1393 2713 rento

439 2751 528 2838 prim
543 2759 739 2816 murmurent
753 2759 869 2827 naute,
880 2748 996 2814 deindo
1010 2751 1117 2834 palam
1131 2760 1347 2833 protestantur
1359 2760 1394 2814 et

440 2853 580 2920 clament
610 2851 757 2916 omnibus
787 2860 843 2914 out
871 2850 1069 2914 moriendum
1100 2863 1157 2916 aut
1192 2851 1390 2916 redeundum

439 2973 518 3018 ouo.
564 2953 637 3028 Quo
666 2951 775 3016 andito
800 2952 970 3014 Anselmus
999 2952 1150 3036 lucrymis
1178 2954 1317 3016 suffusus
1341 2953 1389 3014 in·

439 3053 570 3135 gemuit,
585 3065 618 3118 ot
632 3071 796 3118 recurrens
811 3051 852 3116 ad
868 3063 1022 3116 consueta
1036 3053 1216 3116 orationum
1231 3054 1391 3135 suffragia,

440 3151 500 3218 nite
532 3153 552 3190 ¹⁸
570 3151 742 3236 liirponset
769 3153 869 3230 Deus,
892 3152 1054 3236 dispenset
1080 3153 1244 3217 Dominus
1268 3156 1300 3217 iu
1327 3175 1389 3228 mo,

438 3249 526 3336 quod
542 3251 691 3328 voluerim
715 3262 746 3316 et
760 3251 792 3314 in
810 3253 960 3334 pristinus
982 3253 1122 3317 renudat
1142 3275 1313 3332 aerumnas,
1335 3265 1393 3318 sut

440 3349 471 3414 in
499 3347 687 3430 obsequium
714 3369 817 3430 snum,
840 3353 923 3416 sicut
945 3353 1015 3436 ipso
1037 3355 1211 3438 inspirante
1237 3355 1392 3438 disposui,

437 3447 587 3534 pergredi
603 3447 742 3534 potiatur
757 3463 789 3516 ot
802 3451 907 3516 facist.
953 3457 1070 3540 Neque
1090 3457 1175 3520 euim
1196 3477 1287 3521 meus
1305 3477 1390 3534 sum,

436 3549 492 3616 sori
516 3551 628 3616 lilasi
676 3552 737 3616 llis
759 3551 854 3618 dictis
877 3554 910 3618 in
937 3570 1101 3622 momento
1127 3579 1319 3640 agnosceres
1343 3559 1389 3620 ri·

435 3650 554 3716 enrinm
585 3653 664 3736 ejus,
689 3654 743 3738 qni
773 3655 909 3738 imperat
935 3657 1036 3720 ventis
1065 3669 1098 3721 et
1120 3659 1214 3736 msri;
1248 3666 1343 3722 vento
1369 3681 1388 3721 e

434 3751 563 3834 regione
578 3767 737 3834 surgente,
753 3756 809 3840 qui
824 3756 864 3820 ad
886 3769 1032 3840 optatum
1047 3759 1137 3824 littus
1152 3771 1295 3823 rectores
1313 3781 1387 3823 cum

434 3851 554 3934 ingenti
579 3853 691 3918 laetitio
717 3855 870 3922 citissime
895 3859 1028 3942 appulit
1074 3859 1157 3923 Navi
1183 3871 1288 3924 autem
1315 3881 1387 3944 queo

433 3951 712 4040 nrclriupiscopum
729 3965 860 4022 vexerat
870 3971 1055 4038 exonerata,
1065 3979 1116 4024 res
1131 3960 1210 4023 mira
1224 3961 1387 4044 apparuit,

434 4055 585 4138 qnoniam
602 4057 633 4121 io
650 4057 758 4122 tabulu
770 4077 834 4121 una
846 4059 986 4123 foramen
1002 4061 1100 4124 senne
1116 4061 1250 4124 duorum
1266 4061 1385 4144 pedum

432 4155 594 4220 inuentum
617 4166 680 4233 est,
710 4177 769 4220 neo
792 4157 914 4242 aliquid
937 4161 1069 4224 omnino
1095 4161 1212 4243 liquidi
1235 4162 1386 4224 elementi

433 4255 570 4334 ntltnisit,
586 4257 662 4322 druu
680 4265 809 4320 sanctus
826 4261 870 4320 rir
886 4274 1064 4324 remuneret
1083 4263 1116 4324 in
1138 4262 1220 4325 nari.
1266 4261 1386 4324 Audito

433 4366 537 4418 allieni
572 4357 704 4420 tratlsilu
734 4356 978 4442 arcillt‘piscnpi‚
1007 4383 1064 4424 rex
1096 4361 1244 4424 immanis
1274 4381 1386 4423 omnes
