3625 5317
451 770 490 829 10
834 777 1015 824 PROLOGUS.

446 956 556 997 verum
572 954 652 1007 esse,
668 929 755 1016 quod
775 931 903 1016 loquor:
928 929 982 993 sed
999 951 1055 994 seu
1071 949 1193 1007 verum,
1209 952 1265 993 seu
1282 929 1397 994 falsum

446 1035 498 1113 sit,
514 1031 579 1097 sola
594 1029 818 1118 probabilitate
833 1038 1000 1095 contentus
1014 1051 1096 1093 sum.
1123 1026 1190 1108 Tu,
1205 1040 1241 1094 ut
1257 1028 1399 1108 libuerit,

447 1134 595 1199 universa
610 1132 815 1209 examinabis,
831 1145 863 1196 et
877 1132 1015 1215 singula,
1031 1131 1109 1219 quia
1119 1142 1151 1195 te
1160 1129 1303 1216 judicem
1319 1132 1400 1197 meis

446 1235 608 1322 opusculis
622 1235 813 1313 consecravi,
829 1233 905 1298 dum
918 1232 1092 1320 intelligam
1109 1233 1198 1320 quod
1212 1232 1290 1297 mihi
1300 1255 1399 1319 opera

446 1360 508 1402 non
525 1350 644 1424 pereat,
663 1349 694 1403 et
719 1334 872 1421 impensa.
918 1336 1014 1414 Quod
1040 1335 1184 1421 si(quod
1203 1334 1302 1420 absit)
1323 1355 1398 1399 cou-

446 1439 566 1526 tigerit,

586 1556 725 1609 insaniam
736 1555 817 1609 alium
829 1556 851 1609 si
862 1573 906 1609 rus
917 1555 960 1607 hio
971 1553 1073 1607 fastidh
1086 1553 1192 1616 Alexis,

445 1657 682 1747 philosophanti
698 1660 872 1747 quemlibet
889 1658 1062 1746 praeferens
1076 1657 1274 1722 histrionem.
1319 1657 1398 1723 Tria

446 1760 574 1848 quidem
591 1774 665 1828 sunt
679 1762 727 1841 (ut
743 1761 783 1826 de
794 1760 925 1826 consilio
936 1782 1007 1824 meo
1017 1758 1191 1845 perfectius
1204 1758 1397 1842 instruaris)

445 1886 520 1949 quae
536 1886 598 1927 oon
614 1863 709 1928 modo
720 1863 798 1927 mihi
810 1874 944 1941 metum,
955 1860 1010 1926 sed
1022 1860 1183 1946 plerisque
1191 1858 1401 1945 scriptoribus

445 1963 624 2049 periculum
654 1961 777 2037 salutis,
806 1974 863 2025 aut
879 1961 985 2025 meriti
1014 1960 1217 2046 dispendium
1237 1960 1397 2026 afferunt:

447 2062 634 2148 ignorantia
656 2062 734 2139 reri,
751 2059 849 2127 fallax
871 2074 928 2127 aut
949 2075 1098 2148 proterva
1117 2063 1248 2127 assertio
1267 2063 1350 2140 falsi,
1366 2075 1398 2128 et

446 2164 571 2230 tumida
591 2163 744 2251 professio
760 2163 914 2229 veritatis.
957 2163 1043 2229 Nori
1065 2163 1148 2228 enim
1171 2162 1244 2250 quis
1257 2164 1397 2229 dixerit:

451 2268 574 2331 Tatius
595 2266 732 2330 auditur
751 2268 881 2347 comtos,
895 2288 993 2349 quam
1008 2267 1140 2329 dicatur.
1186 2270 1226 2331 ln
1239 2266 1400 2332 audiendo

446 2366 530 2432 enim
552 2367 732 2432 custoditur
755 2364 929 2446 humilitas,
951 2366 1006 2431 sed
1022 2366 1053 2430 in
1069 2366 1204 2432 dicendo
1226 2367 1398 2453 saepissime

447 2469 591 2553 subrepit
606 2467 710 2534 elatio.
756 2467 828 2553 Ego
849 2467 1005 2532 antemio
1027 2468 1175 2533 omnibus
1196 2466 1246 2533 his
1260 2490 1397 2554 agnosco

446 2590 582 2632 errorem
600 2590 719 2646 meum,
735 2568 833 2655 quiet
849 2590 954 2631 rerum
970 2569 1151 2653 ignorantia
1160 2568 1281 2648 laboro,
1295 2582 1328 2634 et
1339 2567 1398 2632 fal-

447 2692 517 2735 sum
530 2670 658 2756 saepius,
669 2682 701 2735 et
713 2670 814 2755 magis
825 2691 923 2755 quam
936 2668 1098 2755 expediat,
1110 2682 1214 2751 tueor,
1224 2682 1256 2735 et
1268 2669 1400 2757 plerun-

446 2789 511 2854 que
525 2769 657 2845 tumide,
670 2779 784 2834 etcum
796 2767 944 2847 elatione,
958 2766 1061 2831 donec
1071 2790 1122 2831 me
1134 2772 1224 2833 Deus
1235 2769 1398 2855 corripiat,

446 2882 478 2934 et
507 2868 657 2956 corrigat,
688 2872 788 2955 ipsam
819 2868 947 2955 profero
976 2868 1152 2934 veritatem.
1210 2869 1308 2933 Unde
1337 2871 1399 2935 lec-

446 2982 546 3036 torem
577 2981 609 3036 et
637 2972 829 3051 auditorem,
848 2982 972 3057 quanta
999 2992 1126 3056 possum
1157 2969 1399 3057 supplicatione,

446 3073 609 3155 convenio,
633 3085 671 3137 ut
695 3074 728 3135 io
755 3070 952 3137 orationibus
978 3070 1044 3136 suis
1066 3093 1220 3136 memores
1245 3076 1310 3137 mei
1336 3074 1399 3139 sint

447 3173 536 3257 apud
560 3172 775 3247 Altissimnm,
805 3173 1012 3257 impetrantes
1041 3173 1120 3237 mihi
1150 3174 1398 3260 praecedentium

447 3273 568 3337 reniam
582 3272 784 3354 delictorum,
793 3278 950 3338 cautelam
956 3275 1153 3352 futurorum,
1165 3277 1311 3342 notitiam
1321 3278 1399 3353 reri,

448 3398 585 3441 amorem
609 3376 696 3455 boni,
718 3377 841 3443 cultum
867 3379 940 3455 Dei,
962 3390 995 3444 et
1016 3390 1052 3443 ut
1075 3379 1181 3461 corde,
1202 3402 1268 3458 ore,
1291 3402 1399 3467 opere,

448 3491 656 3544 exerceantur
685 3502 704 3544 a
730 3479 832 3559 nobis,
858 3503 933 3567 quae
957 3479 1075 3545 dirime
1101 3493 1175 3547 sunt
1203 3481 1321 3568 placita
1344 3504 1400 3545 ro-

449 3578 575 3645 luntati.
