3625 5317
489 757 551 818 826
749 765 886 812 JOANNIS
901 764 1179 812 umnamsnsrs

490 922 689 1006 sequebatur.
727 918 861 982 Celebre
871 916 1029 1001 siquidem
1041 927 1110 994 θεῖς
1125 913 1211 1000 quod
1222 918 1326 1001 qualis
1336 931 1443 984 rector

490 1034 540 1086 est
554 1019 701 1094 civitatis,
719 1021 799 1083 tales
813 1030 889 1083 sunt
903 1018 1085 1083 habitantes
1100 1019 1134 1082 iu
1149 1039 1198 1082 es.
1244 1019 1412 1104 Siquidem

876 1131 1045 1204 Compoaitur
1055 1133 1134 1196 orbis,

630 1219 715 1287 Regia
726 1217 761 1270 sd
772 1217 929 1288 exemplum.
964 1216 1025 1270 Non
1036 1219 1074 1270 sic
1084 1217 1218 1270 inflectere
1229 1235 1321 1271 sensus

632 1303 769 1356 liumsuos
782 1303 867 1356 edicta
878 1301 978 1366 valent,
990 1321 1068 1372 quam
1079 1304 1133 1354 vita
1144 1304 1269 1370 regentis.

495 1407 591 1474 Unde
614 1430 713 1494 quum
732 1409 871 1472 eeclesia
892 1407 1036 1492 undique
1057 1419 1239 1492 pateretur3
1260 1428 1298 1472 eo
1319 1407 1445 1488 gravior

494 1523 561 1576 erat
577 1511 715 1584 vexatio,
731 1509 819 1594 quod
834 1528 899 1572 non
915 1521 983 1572 erat
998 1510 1054 1592 qui
1069 1530 1105 1572 se
1126 1520 1304 1592 opponeret
1317 1528 1443 1570 murum

495 1631 552 1694 pro
561 1611 659 1676 domo
670 1609 814 1674 Domini.
859 1609 1444 1692 Venerabilipstrelanlrancotrans·

493 1713 558 1778 lato
573 1715 615 1777 ab
631 1710 692 1777 hoo
710 1710 829 1775 mundo
845 1709 886 1774 ad
903 1711 1081 1774 Dominum
1095 1711 1191 1795 hujus
1211 1709 1445 1793 persecutionis

495 1810 1445 1898 annoquarto,aproceribusinritatua,sbecclesiacoaetus

495 1916 666 1980 Anselmus
691 1915 838 1996 Angliam
870 1913 1033 1995 ingressus
1062 1924 1119 1976 est.
1165 1913 1309 1976 Veniens
1337 1924 1445 1974 autem

495 2015 700 2080 Cuntuariam
716 2011 819 2098 pridie
831 2012 1030 2076 nativitatem
1045 2013 1154 2076 lleatoe
1164 2013 1277 2078 Mariae
1292 2012 1446 2092 Virginis,

496 2137 620 2180 summo
635 2136 729 2178 mane
739 2115 902 2190 discessit3
918 2134 957 2178 eo
967 2113 1056 2201 quod
1066 2115 1291 2198 presagientes
1301 2115 1444 2197 undique

496 2216 743 2282 conclamabant
765 2217 856 2279 illum
883 2215 1160 2299 archiepiscopum
1190 2216 1266 2278 fore.
1315 2214 1445 2278 Deinde

495 2337 681 2398 progressus
710 2316 752 2380 ed
782 2316 916 2392 curiam,
944 2325 977 2378 et
1004 2316 1045 2378 ab
1074 2328 1258 2378 occurrente
1285 2317 1346 2378 sibi
1369 2337 1444 2398 rege

495 2415 671 2478 honorifice
709 2426 741 2478 et
776 2415 878 2478 amice
912 2425 1081 2498 susceptus
1114 2427 1171 2478 est
1231 2417 1308 2479 Post
1342 2436 1447 2498 pauca

493 2515 705 2580 communiter
727 2513 866 2578 dicenda
887 2534 1002 2578 omues
1023 2527 1133 2580 monet
1153 2518 1264 2580 emitti.
1309 2518 1446 2580 Omissis

493 2617 601 2701 itaque
621 2616 770 2700 propriis,
790 2617 922 2699 publica
944 2617 1096 2700 concepit
1111 2639 1220 2683 curare
1239 2619 1388 2699 negotis3
1411 2630 1445 2682 et

495 2720 584 2784 solus
598 2739 672 2784 cum
693 2718 762 2784 solo
782 2719 919 2802 loquens
939 2739 1012 2801 quse
1032 2719 1178 2801 privatim
1193 2729 1227 2782 et
1245 2720 1376 2803 publice
1395 2719 1443 2782 di·

495 2820 1442 2903 cebanturexposuit,statuiqueregemcontrat'aciemsuam.

497 2921 571 2985 Non
587 2921 673 2985 enim
688 2922 835 2984 attulerat
849 2921 956 2983 oleum
973 2923 1161 3002 peccatoris,
1176 2943 1242 3004 quo
1257 2922 1442 2986 mercenarii

495 3021 678 3086 demulcent
688 3021 858 3084 errantium
868 3019 975 3102 capita
984 3032 1186 3102 potestatum.
1211 3021 1445 3102 Digrediuntur

495 3123 536 3186 ab
547 3123 700 3198 invicem3
715 3131 827 3204 etpost
837 3141 957 3204 paucos
966 3119 1097 3184 diesrex
1108 3122 1246 3204 graviter
1255 3123 1443 3187 infirmatur.

496 3223 664 3303 Languere
680 3231 795 3294 tactus,
811 3232 844 3284 et
858 3222 1039 3302 sapientum
1056 3233 1161 3286 motus
1176 3225 1322 3298 consilio,
1334 3226 1444 3310 aequi·

495 3323 585 3394 escit,
601 3322 685 3384 utin
706 3321 984 3404 archiepiscopum
1005 3335 1228 3404 promereatur
1246 3327 1442 3401 Auselmus3

495 3420 606 3486 dicens
621 3441 693 3484 sum
709 3440 834 3482 summo
848 3419 972 3484 honore
986 3420 1222 3504 dignissimum,
1243 3437 1277 3490 et
1287 3426 1445 3510 predica-

496 3531 596 3587 torem
612 3520 751 3585 veritatis
764 3519 933 3583 illustrem.

538 3624 677 3707 Rapitur
692 3643 766 3704 ergo
775 3620 894 3684 inritus
909 3641 995 3684 anno
1004 3624 1114 3702 gratiss
1123 3625 1293 3693 millesimo
1304 3649 1445 3712 nonage-

495 3725 576 3788 simo
585 3724 688 3798 tertio,
697 3720 800 3806 pridie
808 3723 921 3785 Nonss
933 3723 1054 3800 Martii,
1062 3725 1164 3806 prima
1174 3727 1349 3790 Dominica
1358 3730 1445 3801 Qus·

494 3822 690 3905 dragesimae.
736 3822 776 3884 In
791 3822 938 3905 sequenti
952 3831 1059 3886 autem
1077 3826 1270 3890 solennitate
1290 3830 1448 3912 paschali,

495 3945 593 4010 quum
609 3933 691 3987 esset
707 3921 894 3998 wintoniae,
913 3922 1021 3986 subito
1040 3923 1190 3990 incendio
1210 3927 1312 4009 coepit
1332 3929 1445 3994 civitas

493 4026 697 4106 conflagrare.
742 4023 787 4086 Et
801 4023 878 4106 quia
891 4023 961 4106 jam
976 4022 1151 4107 hospitium
1166 4027 1236 4108 ejus
1254 4028 1446 4094 circumcin-

493 4147 565 4209 gere
582 4125 769 4197 ridebatu13
791 4121 923 4186 domina
937 4121 1052 4186 domus
1070 4145 1211 4190 resenas
1225 4139 1388 4210 asportare
1403 4114 1445 4194 ab

492 4227 603 4290 amicis
623 4224 744 4288 monita
759 4231 817 4284 est.
863 4223 906 4288 At
922 4223 1026 4287 illese
1045 4246 1111 4288 nou
1134 4229 1245 4290 timere
1267 4228 1445 4312 respondit,

492 4327 549 4401 sed
565 4326 643 4390 tanti
664 4323 800 4408 hospitis
820 4329 920 4394 tutam
939 4345 1010 4386 esse
1027 4327 1199 4407 presentia.
1246 4330 1317 4393 Nec
1334 4331 1445 4416 aliquo
