3625 5317
476 749 540 808 808
739 760 874 807 sommas
889 761 1165 807 namurensis

480 915 588 978 muita.
634 912 876 978 Adolescentior
894 907 1002 977 autem
1015 915 1130 989 factm,
1143 927 1243 978 matre
1263 916 1424 988 deinum

480 1015 642 1098 proficisci
678 1013 820 1097 disponit
857 1016 890 1076 iu
927 1015 1078 1093 Galliam,
1110 1017 1272 1079 literarum
1307 1029 1426 1080 merus

479 1115 647 1192 ariditate3
670 1135 802 1200 quarum
819 1115 976 1179 desiderio
992 1118 1150 1179 immenso
1163 1119 1332 1194 estuabat,
1343 1131 1376 1180 et
1389 1129 1424 1179 ut

480 1217 578 1300 patrie
599 1217 654 1302 qui
677 1236 750 1279 eum
773 1219 932 1280 tractabat
944 1218 1090 1280 acerbius
1108 1219 1222 1281 saltem
1239 1220 1324 1301 fugae
1341 1241 1421 1303 prro

479 1316 561 1382 sidio
576 1317 749 1380 declinaret
760 1319 925 1381 offensam.
955 1319 1062 1391 Quum
1073 1341 1147 1382 vero
1161 1321 1295 1402 pauiam
1309 1321 1424 1383 exieus

479 1419 512 1482 in
526 1438 662 1482 ascensu
673 1419 790 1481 montis
800 1420 909 1482 labore
923 1419 1041 1502 pariter
1050 1430 1083 1482 et
1092 1420 1175 1482 same
1190 1421 1254 1483 iere
1268 1419 1424 1483 deficiens

479 1519 586 1582 nivem
613 1517 788 1592 manderet,
813 1532 847 1581 ut
872 1521 921 1582 vei
950 1519 998 1583 sic
1023 1521 1054 1582 ei
1081 1533 1301 1602 repararentur
1324 1522 1423 1596 rires3

480 1620 681 1703 compatiens
696 1619 726 1682 ei
742 1620 893 1696 minister,
902 1640 997 1702 quem
1012 1620 1144 1683 unicum
1154 1621 1277 1684 itineris
1285 1621 1426 1684 habebat

481 1723 615 1799 socium,
651 1721 820 1802 diligenter
854 1721 1044 1804 investigare
1080 1722 1190 1805 coepit,
1224 1743 1268 1785 au
1303 1721 1424 1805 aliquid

480 1823 700 1886 alimentorum
734 1822 874 1885 habebat
903 1824 937 1884 in
966 1824 1107 1898 sacculo,
1135 1843 1231 1905 quem
1263 1822 1426 1885 deferebat

479 1925 606 1999 asellus,
630 1935 661 1986 ot
685 1923 790 1986 statim
813 1934 925 1986 contra
945 1944 1036 2006 spem
1058 1923 1285 1986 nitidissimum
1309 1943 1425 2005 panem

480 2023 611 2108 reperit;
633 2045 729 2108 quem
744 2024 816 2108 quis
831 2021 1025 2107 imposuerat
1038 2025 1214 2106 ignorabat.
1249 2023 1364 2108 Itaque
1377 2045 1426 2085 re·

479 2137 604 2188 creatus
627 2136 677 2189 est
702 2123 743 2187 ad
770 2125 851 2188 viam
876 2137 909 2188 et
932 2127 1085 2197 laborem,
1110 2125 1251 2187 muueris
1276 2125 1327 2187 sui
1352 2123 1427 2186 Deo

479 2225 595 2304 gratias
610 2245 719 2305 agens.

478 2493 557 2580 Cap.
574 2501 603 2560 2.
628 2495 680 2560 De
699 2494 823 2558 aarum
843 2495 984 2558 Auaelmi
997 2495 1035 2555 in
1054 2491 1266 2574 Burgundio,
1281 2491 1428 2554 Francia

519 2602 549 2660 et
564 2599 601 2662 iu
615 2597 833 2662 Normcunio.
870 2595 1043 2659 Anselmue
1055 2601 1184 2658 socrum
1197 2601 1245 2656 est
1256 2593 1424 2656 masiliam

519 2697 760 2781 Rotomogenrie
768 2696 1167 2778 archiepiscopicum
1179 2700 1227 2757 eat
1240 2693 1425 2757 Monachus

521 2799 624 2864 Beoor'.

519 2951 667 3015 Extc'rla
694 2947 812 3014 dehine
837 2946 951 3030 partim
975 2945 1008 3007 iu
1031 2942 1228 3024 Burgundio,
1251 2944 1365 3026 partim
1388 2943 1425 3004 iu

476 3051 612 3116 Francia
634 3050 736 3114 tribus
757 3049 859 3124 annis,
879 3047 1093 3110 Lauiraucum
1115 3045 1218 3118 illum,
1242 3043 1335 3126 cujus
1357 3064 1423 3105 me·

474 3151 574 3214 moria
602 3152 635 3214 in
660 3147 862 3234 jucunditate
887 3159 920 3211 et
941 3145 1166 3209 benedictione
1195 3157 1252 3221 est,
1276 3146 1310 3207 iu
1341 3146 1424 3206 Nor·

474 3249 603 3314 mannia
639 3248 729 3326 adiit,
759 3249 859 3312 virum
896 3248 1027 3331 quidem
1064 3248 1165 3309 literis
1193 3259 1227 3309 et
1254 3246 1425 3308 virtutibus

473 3349 642 3432 inriguam,
667 3349 918 3412 conversationis
941 3368 1000 3430 per
1022 3349 1130 3411 omnia
1153 3349 1305 3431 probate,
1327 3343 1424 3408 etad

473 3473 566 3539 quem
592 3449 785 3516 audiendum
811 3447 851 3511 de
877 3447 1012 3512 diversis
1037 3448 1150 3511 muudi
1175 3449 1319 3531 partibus
1345 3467 1424 3509 cou-

472 3555 616 3618 tiuobaut
637 3553 821 3637 quicunque
844 3550 1036 3634 eloquentiae
1058 3553 1108 3613 vel
1134 3549 1300 3632 sapientire
1323 3569 1423 3630 appe·

471 3655 582 3718 tabant
610 3655 798 3736 profectum.
846 3653 879 3714 ls
908 3651 992 3714 enim
1024 3652 1166 3714 omnium
1190 3651 1318 3734 judicio
1342 3668 1422 3732 prae·

472 3752 683 3814 utuutiaaimus
699 3751 886 3815 habebatur.
924 3751 1043 3813 Factus
1055 3762 1104 3812 eat
1119 3770 1195 3830 ergo
1210 3750 1240 3812 ei
1251 3750 1423 3811 Anselmus

471 3851 631 3918 familiaria
652 3871 717 3934 prm
732 3853 872 3927 caeteus;
898 3863 931 3914 et
948 3851 1088 3933 magistri
1107 3849 1347 3934 quodammodo
1366 3869 1424 3910 ex·

470 3955 576 4020 hausit
591 3953 745 4040 spiritum.
790 3953 892 4015 Totus
912 3953 1013 4015 literis
1034 3965 1220 4035 occupatur,
1235 3963 1268 4013 et
1282 3971 1336 4013 eas
1351 3948 1422 4011 sina

470 4055 701 4122 iuteuuisaiouo
725 4063 779 4116 aut
806 4052 902 4117 discit
926 4062 981 4116 aut
1011 4052 1114 4116 docet.
1161 4053 1285 4115 Insistit
1306 4071 1424 4134 propo·

469 4159 542 4232 sito,
555 4175 759 4241 perseverans
776 4153 809 4215 in
823 4153 905 4216 fumo
922 4166 955 4217 et
970 4154 1035 4230 siti,
1044 4155 1077 4215 in
1090 4153 1206 4234 frigore
1222 4165 1255 4215 et
1269 4150 1426 4227 nuditate,

467 4271 554 4322 tantu
577 4257 707 4342 quidem
730 4253 907 4338 pervicacia
930 4254 1040 4332 studii,
1063 4265 1097 4317 ut
1119 4253 1251 4316 minoris
1265 4252 1426 4316 videretur

467 4359 528 4420 emi
556 4377 650 4441 posse
673 4377 806 4440 regnum
834 4355 997 4418 emiorum.
1044 4356 1082 4416 Iu
1107 4376 1142 4416 se
1165 4375 1241 4434 ergo
1266 4373 1424 4424 reversus,
