3625 5317
478 763 542 820 372
735 772 871 818 romnis
886 771 1161 816 assessemexsrs

480 929 567 992 toriae
587 927 666 992 serie
683 927 808 1006 legitur,
821 937 919 988 totam
939 925 1162 1005 cognationem
1183 925 1252 1006 ejus
1266 937 1298 987 et
1317 947 1428 988 omncs

480 1031 624 1114 quicum
645 1029 852 1090 familiaritate
868 1039 923 1088 aut
942 1026 1059 1108 quotis
1078 1025 1171 1087 titulo
1190 1026 1430 1107 contingebant,

479 1131 669 1213 proscriptos
689 1128 814 1190 addixit
831 1129 930 1190 exilio
951 1130 1021 1189 sine
1040 1127 1166 1188 delecm
1189 1125 1362 1208 dignitatis,
1375 1144 1432 1189 aut

478 1231 607 1307 ordinis,
632 1231 825 1294 conditionis
855 1243 912 1292 aut
936 1231 1080 1304 lortrrnae,
1105 1231 1208 1291 anus
1236 1241 1291 1292 aut
1321 1251 1427 1292 sexus

481 1331 562 1394 Nam
579 1343 612 1394 et
633 1330 781 1392 mulieres
799 1330 832 1391 in
857 1332 1025 1412 puerperio
1047 1329 1286 1406 decumbentes,
1302 1343 1336 1392 et
1355 1351 1428 1410 par·

479 1433 543 1495 suli
566 1432 726 1512 vagientes
748 1430 779 1491 in
804 1432 905 1502 cunis,
928 1431 960 1491 in
984 1431 1116 1492 exilium
1136 1431 1201 1493 acti
1222 1444 1307 1493 sunt
1353 1433 1429 1493 Pro·

479 1535 575 1596 cessit
605 1532 736 1595 ulterius
765 1533 849 1593 luror
877 1532 1024 1593 immanis
1053 1543 1087 1593 et
1115 1532 1178 1613 piis
1202 1534 1332 1595 auribus
1356 1533 1429 1594 hor·

479 1634 576 1696 reuda
599 1631 778 1696 crudelitas.
822 1633 929 1702 Quum
955 1633 1042 1692 enim
1064 1632 1233 1696 Catholica
1253 1635 1347 1696 etiam
1370 1655 1428 1716 pro

478 1735 637 1798 hereticis
659 1747 690 1797 et
713 1733 925 1796 schismaticis
947 1745 980 1796 et
998 1734 1134 1816 perfidis
1147 1735 1271 1798 Judoeis
1292 1745 1362 1798 oret
1376 1757 1428 1798 ec·

479 1837 588 1912 clesia,
610 1836 804 1920 prohibitum
826 1847 875 1897 est
898 1857 938 1897 ue
967 1837 1039 1917 quis
1068 1857 1152 1913 eum,
1173 1838 1221 1899 vel
1250 1838 1429 1900 orationum

479 1937 648 2016 suffragiis,
659 1935 831 2018 adjuraret.
876 1936 1018 1998 Ministri
1030 1957 1158 2019 quoque
1168 1937 1306 2018 publicas
1321 1949 1428 2021 potes·

478 2039 552 2102 tatis
575 2059 686 2102 omnes
708 2037 834 2100 adultos
852 2035 960 2121 jurare
983 2040 1153 2118 cogebant,
1174 2037 1262 2120 quod
1284 2038 1427 2100 Pontini-

479 2163 572 2204 acum
588 2139 794 2204 contristandi
813 2139 1046 2221 archiepiscopi
1067 2161 1164 2201 eausa
1179 2151 1331 2221 peterent
1377 2141 1430 2201 lbi

478 2244 563 2307 enim
579 2265 612 2306 se
630 2239 675 2304 vir
690 2255 820 2303 sanetus
834 2239 890 2303 diu
900 2239 1036 2323 jejuniis
1051 2250 1085 2303 et
1103 2241 1301 2304 orationibus
1324 2263 1430 2305 mace·

477 2344 557 2405 ravit
580 2365 672 2405 orans
696 2343 819 2424 jugitur
840 2363 899 2423 pro
922 2340 1070 2419 ecclesia,
1091 2363 1149 2425 pro
1172 2363 1256 2423 rege,
1277 2355 1311 2405 et
1332 2364 1428 2424 regno

478 2444 664 2526 auglorum,
680 2443 782 2504 donce
806 2464 878 2503 cum
902 2443 977 2505 inde
1001 2464 1057 2506 rex
1080 2465 1136 2527 per
1157 2445 1289 2508 abbates
1311 2443 1430 2507 Cister-

479 2545 614 2622 cienscs,
628 2545 684 2626 qui
701 2541 740 2604 de
756 2555 838 2605 terra
853 2563 912 2605 sua
926 2543 967 2605 ad
992 2545 1168 2627 capitulum
1189 2547 1337 2624 generale
1352 2567 1429 2608 con-

480 2657 643 2723 venerant,
673 2645 857 2730 proturbare
888 2645 1019 2707 curarit
1066 2645 1131 2708 Sed
1159 2656 1333 2729 antequam
1352 2645 1430 2709 iude

480 2749 732 2834 progrederetur,
769 2745 877 2808 (lirina
911 2747 1102 2809 revelatione
1138 2747 1335 2811 confortatus
1369 2759 1429 2822 est,

480 2852 608 2914 coelitns
624 2849 685 2912 sibi
701 2859 829 2910 ostenso
845 2847 979 2921 indicio,
996 2847 1083 2931 quod
1094 2848 1138 2912 ad
1152 2849 1324 2912 ecclesiam
1340 2871 1429 2913 suam

480 2951 638 3016 rediturus
660 2960 726 3014 erat
749 2971 822 3012 cum
842 2949 952 3028 gloria,
971 2961 1004 3012 et
1017 2947 1092 3010 inde
1114 2962 1189 3031 post
1208 2952 1348 3032 martyrii
1362 2954 1430 3036 pal·

482 3077 563 3116 inam
580 3053 771 3135 migraturus
786 3051 826 3114 ad
844 3051 1027 3113 Dominum.
1073 3051 1118 3112 Et
1132 3052 1217 3115 sicut
1227 3053 1319 3116 beata
1331 3055 1429 3134 virgo,

480 3155 569 3237 cnjus
585 3154 723 3216 animam
739 3153 772 3214 in
796 3152 851 3214 lilii
872 3153 1022 3234 passione
1043 3151 1160 3214 doloris
1182 3152 1309 3232 gladius
1328 3167 1429 3220 trans·

480 3254 666 3329 verberavit,
688 3254 857 3334 plusquam
883 3263 1002 3335 martyr
1021 3250 1139 3331 legitur
1159 3253 1315 3331 extitisse,
1337 3257 1432 3319 sicet

481 3353 601 3419 Christi
620 3349 782 3415 consessor
806 3351 882 3415 dum
902 3354 935 3415 in
953 3375 987 3414 se
1007 3365 1040 3415 et
1055 3353 1122 3416 suis
1142 3354 1253 3430 multa,
1268 3376 1385 3435 magna
1398 3369 1430 3418 et

480 3454 624 3520 inaudita
653 3466 685 3517 et
714 3453 809 3533 longa
832 3450 990 3536 supplicia
1020 3454 1194 3535 pertulerit,
1223 3456 1368 3519 meritum
1398 3467 1430 3518 et

481 3579 627 3622 coronam
650 3553 789 3636 martyrii
809 3553 977 3634 gloriosius
999 3552 1174 3616 illustrarit.
1219 3556 1352 3619 Timens
1374 3579 1431 3620 au·

480 3673 542 3723 tem
559 3657 729 3722 occasione
745 3655 886 3738 suijuris
902 3657 1019 3718 sanctis
1033 3655 1198 3720 imminere
1215 3656 1431 3740 dispendium,

480 3771 593 3840 sponte
616 3757 769 3834 discessit,
791 3769 822 3821 et
845 3757 884 3818 ud
908 3758 1100 3820 Francorum
1124 3757 1431 3823 christianissimum

480 3881 584 3943 regem
617 3853 816 3922 Ludnricum
846 3879 880 3919 se
911 3858 1057 3934 contulit,
1080 3858 1136 3942 qui
1158 3882 1230 3922 eum
1253 3875 1432 3925 reverenter

481 3961 661 4046 excipiens,
676 3957 780 4022 donec
797 3979 863 4042 pax
880 3961 1109 4038 reformaretur,
1130 3961 1358 4025 humanissime
1377 3985 1433 4026 nc·

479 4063 613 4129 cessaria
629 4061 827 4125 ministrarit.
901 4122 903 4125 .

521 4163 713 4226 Sollicitavit
736 4160 830 4223 etiam
854 4181 1013 4223 summum
1037 4162 1225 4245 pontificem
1256 4166 1288 4227 in
1315 4167 1429 4231 virtute

477 4265 592 4326 amoris
622 4275 654 4325 et
683 4263 741 4324 snb
773 4261 907 4342 impensi
941 4265 1171 4341 protestatione
1201 4267 1361 4348 obsequii,
1388 4289 1429 4331 ne

477 4365 607 4428 ulterius
647 4361 814 4424 dilationes
850 4361 1059 4426 frustratorias
1097 4381 1302 4448 prorogaret:
1347 4369 1432 4432 sicut
