3625 5317
470 723 535 782 29⁰
732 732 870 778 souunrs
884 731 1162 777 massaritiarum

557 885 747 968 Hospitium
761 884 919 969 quidquid
933 883 1031 958 dieat,
1044 881 1165 947 habeto
1179 883 1330 960 modnm;

469 986 515 1050 Et
527 1006 570 1048 ne
584 995 769 1068 suspectum
783 986 858 1069 quis
871 985 974 1066 possit
985 984 1105 1048 habere
1119 984 1244 1065 rigoris,

557 1083 608 1150 Sit
622 1085 835 1170 tusjucundis
849 1086 961 1166 lingna
973 1085 1089 1148 referta
1097 1085 1196 1168 jocis,
1334 1088 1419 1148 1600

467 1187 603 1270 Sintque
617 1189 700 1250 sales
715 1187 784 1250 sine
798 1185 895 1250 dente
910 1184 970 1262 tui,
984 1186 1026 1248 sit
1039 1186 1153 1265 lingua
1167 1183 1321 1257 modesta,

554 1290 762 1373 Compositns
775 1301 893 1370 gestus,
910 1289 975 1350 0100
988 1287 1108 1369 pudica
1121 1286 1191 1351 tibi.

467 1391 518 1455 Sit
532 1393 636 1454 bonus
650 1390 777 1454 auditor
790 1390 920 1473 patiens
933 1399 968 1451 et
981 1388 1091 1452 turdus
1105 1388 1147 1451 ad
1161 1389 1252 1464 iram,

552 1493 665 1576 Sitque
679 1493 780 1556 cliens
793 1491 936 1566 humilis,
950 1493 1006 1574 qui
1021 1492 1106 1554 volet
1120 1511 1191 1552 esse
1206 1502 1290 1552 tuus.

465 1593 660 1676 Hospitibus
673 1605 782 1674 gratus
795 1603 943 1675 sumptus
952 1591 1116 1656 moderare
1126 1593 1314 1673 suboptans,
1330 1589 1413 1651 1605

551 1696 599 1758 Ut
613 1693 743 1776 dignam
758 1695 864 1756 001000
878 1694 995 1778 cuique
1009 1694 1124 1757 referre
1140 1694 1251 1768 vicem,

462 1797 508 1859 Et
523 1797 760 1860 benefactorum
774 1795 925 1858 reddatur
939 1797 1040 1876 gmtia
1054 1796 1161 1879 plenu,

549 1895 628 1971 Quse
642 1898 748 1959 bonus
761 1896 917 1978 interpres
931 1897 1059 1977 singula
1072 1915 1188 1976 magna
1202 1894 1289 1958 facit.

462 1997 519 2059 Vir
533 1999 637 2060 bouus
651 2007 684 2060 00
698 1996 841 2080 prudens
854 1996 952 2060 modo
967 2018 1018 2059 res
1033 2004 1198 2060 consumat
1212 1994 1253 2058 ad
1268 2013 1373 2065 usum,

547 2099 592 2160 Et
606 2097 703 2160 modo
718 2096 893 2180 dispensat,
909 2108 942 2160 et
956 2096 1053 2160 docet
1066 2117 1137 2160 esse
1154 2117 1239 2172 suas,
1328 2097 1410 2157 1610

459 2198 592 2272 Quaerit,
603 2210 640 2261 ut
653 2196 830 2280 expendat,
841 2219 941 2280 quum
953 2218 1053 2261 causa
1065 2198 1221 2281 locusque
1234 2194 1411 2279 requirnnt,

545 2296 754 2378 Servatnsquu
768 2295 825 2358 diu
840 2308 983 2381 tempore
997 2297 1119 2380 spargit
1132 2317 1223 2380 opes,

459 2397 505 2458 Et
520 2405 667 2476 sumptus
684 2394 803 2475 gaudet
816 2396 931 2461 secisse
945 2400 1084 2477 locoque
1099 2397 1280 2480 modoque,

542 2497 665 2560 Stultus
678 2495 713 2558 in
728 2495 882 2578 expensis
896 2497 1001 2561 nescit
1014 2497 1135 2562 hebere
1150 2497 1293 2574 modum,

455 2597 494 2660 In
510 2597 640 2682 proprio
654 2616 771 2680 parcus
784 2606 817 2659 et
832 2597 986 2679 prodigus
1000 2619 1044 2660 ex
1058 2597 1176 2674 011000,
1320 2597 1405 2658 1610

541 2701 644 2772 Quam
659 2699 759 2762 solum
775 2707 885 2781 captat
899 2697 1046 2772 Chaereu,
1060 2697 1157 2761 laude
1172 2708 1268 2762 earet.

454 2801 607 2884 Hospitio
622 2821 689 2863 000
704 2809 752 2862 000
767 2800 867 2877 oneri,
882 2799 1066 2884 quicunque
1080 2800 1246 2864 modestus

538 2902 718 2966 Contentus
732 2900 867 2964 modicis
881 2903 1061 2983 sumptibus
1074 2901 1145 2964 0000
1160 2912 1274 2985 potest.

456 3004 495 3064 10
513 3023 638 3065 summa
652 2998 772 3078 videas,
786 3021 860 3065 cum
876 3021 942 3083 qno
957 3000 1014 3063 tibi
1030 3021 1081 3064 res
1095 3001 1137 3064 sit
1151 3000 1286 3082 agenda,

536 3103 582 3164 Et
596 3109 749 3184 quantum
764 3102 894 3183 poteris,
908 3101 1046 3182 moriger
1059 3121 1130 3164 esse
1146 3100 1248 3165 stude.
1320 3103 1403 3164 1600

450 3202 536 3277 Hoo,
552 3211 706 3282 qnantum
721 3202 854 3280 poteris,
868 3199 990 3263 dictum
1005 3201 1053 3264 sic
1068 3201 1182 3285 accipe
1197 3219 1334 3284 semper,

536 3298 581 3360 Ut
595 3295 637 3360 010
654 3295 833 3360 honestatis
848 3299 959 3380 regula
974 3299 1064 3362 salva
1079 3300 1147 3362 tibi.

621 3395 712 3470 Quod
724 3397 892 3460 menduces
905 3407 937 3461 et
953 3397 1050 3460 bibuli
1053 3400 1225 3482 fugiendi.

448 3498 625 3563 Menduces
640 3496 751 3561 itidem
767 3497 878 3580 fugies,
894 3499 1087 3583 bibulosque
1102 3501 1242 3579 carebis,

533 3601 578 3663 Et
593 3599 709 3684 quibus
725 3610 773 3662 est
788 3610 900 3662 venter
914 3600 981 3662 0100
996 3601 1143 3665 1000000
1159 3602 1258 3665 Deus.

624 3698 758 3767 Qualem
773 3705 917 3780 oporteat
931 3700 1046 3763 1006000
1059 3703 1213 3764 comitem.

446 3799 495 3864 Sit
510 3811 658 3884 suspecte
671 3801 799 3879 Venus,
809 3802 851 3864 sit
865 3799 990 3864 sobrius
1005 3812 1101 3885 atque
1116 3800 1266 3884 pudicus,
1316 3807 1399 3868 leto

533 3901 637 3972 Quem
654 3903 804 3966 comitem
819 3903 924 3982 longae
941 3903 1057 3984 quaeris
1072 3901 1189 3965 habere
1205 3903 1275 3965 riae.

445 4002 655 4068 Commodius
671 4004 750 4065 nihil
767 4014 818 4087 000
830 4025 921 4067 servo
937 4005 1089 4086 socioque
1105 4003 1204 4082 fideli,

531 4106 650 4168 Nullus
664 4104 698 4166 in
714 4101 870 4184 obsequio
886 4102 1075 4168 commodus
1089 4106 1211 4188 absque
1225 4105 1302 4168 fide.

633 4203 719 4270 Qoae
730 4220 869 4281 0ορ0000
886 4204 1000 4283 utone
1013 4207 1204 4270 nomana.

442 4307 503 4369 Est
517 4323 661 4386 expensa
675 4303 734 4366 viae
750 4303 922 4384 querenda
937 4305 1008 4380 tibi,
1025 4305 1117 4369 dubit
1129 4307 1218 4369 illam
