3625 5317
413 818 487 863 car.
507 800 568 876 1v.]
774 816 1017 863 unrstocwns.
1313 806 1373 864 183

410 992 433 1032 a
445 967 600 1054 possibili,
613 967 763 1054 quoniam
781 966 885 1031 minus
902 979 961 1045 est,
973 979 1006 1032 et
1022 968 1073 1032 hic
1087 966 1134 1032 issi
1151 969 1225 1033 usui
1235 968 1369 1054 deroga-

412 1082 482 1134 tum
498 1090 566 1133 esse
583 1068 775 1133 videbimus.
821 1070 904 1133 Nam
922 1082 958 1133 ut
973 1069 1018 1134 nit
1034 1069 1066 1134 in
1088 1070 1265 1156 Aualyticis
1281 1070 1369 1135 Aris-

411 1172 543 1239 toteles:
576 1173 781 1253 contingere,
802 1179 832 1235 et
852 1175 1043 1254 contingens
1063 1185 1122 1251 est,
1143 1195 1209 1258 qno
1231 1194 1292 1236 non
1315 1196 1370 1238 ex-

411 1277 525 1337 istente
538 1268 723 1349 necessario,
735 1272 841 1358 posito
856 1285 963 1335 antem
979 1296 1057 1349 esse,
1070 1273 1149 1338 nihil
1164 1273 1223 1338 erit
1236 1288 1368 1362 propter

411 1372 471 1436 hoc
486 1372 690 1458 impossibile.
735 1376 818 1438 Haec
833 1386 941 1437 autem
962 1374 1152 1459 significatio
1170 1375 1368 1460 contingenti

411 1475 543 1539 deducit
559 1474 689 1561 quidem
705 1476 928 1553 necessarium,
942 1474 998 1540 sed
1020 1474 1098 1541 alias
1121 1476 1265 1563 possibili
1287 1499 1368 1542 coae-

410 1588 541 1662 quatur.
599 1574 662 1639 Sed
692 1596 795 1661 neque
823 1577 886 1641 ista
910 1578 979 1661 jans
1008 1578 1143 1643 obtinet.
1201 1578 1365 1665 Siquidem

412 1677 621 1743 Hobinellum
645 1700 778 1763 regnare
805 1700 868 1743 non
893 1693 943 1743 est
967 1679 1187 1754 necessarium,
1203 1702 1309 1765 neque
1329 1702 1368 1743 eo

409 1781 514 1865 posito
529 1779 702 1867 quicquam
714 1778 775 1844 erit
790 1792 922 1866 propter
937 1781 997 1844 hoc
1012 1780 1226 1868 impossibile:
1250 1780 1276 1844 si
1292 1802 1368 1845 vero

409 1881 596 1967 contingens
610 1904 677 1945 esse
693 1902 825 1966 regnare
848 1881 1055 1946 Hobinellnm
1077 1882 1166 1947 dicas
1184 1880 1365 1959 wintonien,

410 2005 473 2047 nun
490 1982 549 2047 tibi
564 1982 636 2069 quis
651 1981 743 2046 facile
757 1982 949 2068 acquiescet.
990 1983 1035 2047 Et
1051 1995 1089 2049 ut
1104 1983 1230 2069 plenius
1245 1983 1367 2070 liqueat

409 2084 615 2169 inquantum
634 2084 676 2149 sit
698 2083 751 2149 ille
775 2107 851 2149 usus
873 2084 1025 2164 abolitus,
1041 2086 1075 2150 in
1097 2086 1188 2150 nulla
1208 2086 1365 2172 significu-

411 2186 545 2265 tionum,
560 2186 683 2270 quassi
704 2185 867 2265 adscribit,
881 2200 1094 2253 memoratum
1114 2188 1183 2274 jam
1203 2187 1296 2274 plene
1309 2187 1369 2251 ob·

410 2288 492 2353 tinet
508 2289 651 2352 verbum.
690 2289 748 2352 Ait
765 2288 850 2352 enim
866 2290 1062 2369 Aristoteles,
1076 2289 1229 2375 quoniam
1245 2292 1369 2353 contin-

407 2412 484 2472 gere
506 2390 637 2454 duobus
661 2390 763 2453 modis
787 2390 918 2468 dicitur,
939 2413 1004 2455 uno
1028 2390 1172 2477 quidem,
1188 2390 1276 2479 qnod
1300 2390 1367 2476 ple·

410 2513 548 2577 rumque
563 2492 612 2569 fit,
628 2504 660 2556 et
686 2492 806 2567 deficit,
833 2492 1056 2569 necessarium,
1073 2506 1111 2557 ut
1125 2515 1290 2558 canescere
1313 2492 1369 2556 ho·

409 2592 538 2672 minem,
550 2593 600 2657 vel
615 2594 738 2679 augeri,
751 2594 800 2658 vel
815 2594 929 2671 minui,
942 2594 991 2659 vel
1006 2594 1135 2658 omnino
1150 2594 1238 2682 quod
1254 2607 1367 2659 natum

407 2707 456 2761 est
472 2718 558 2760 esse:
583 2696 643 2759 huc
658 2696 740 2760 eninr
757 2718 819 2760 non
832 2697 1020 2763 continuum
1036 2696 1135 2762 habet
1147 2697 1368 2776 necessarium,

404 2820 446 2861 eo
458 2796 549 2883 quod
565 2819 628 2860 uon
643 2820 767 2883 semper
775 2809 823 2862 est
837 2797 942 2862 homo.
988 2800 1073 2860 Nam
1085 2819 1187 2883 quum
1201 2795 1297 2860 homo
1308 2810 1367 2876 est,

407 2910 465 2962 aut
480 2918 520 2962 ex
532 2898 726 2975 necessitate,
739 2910 796 2962 sut
811 2912 850 2962 ut
864 2899 896 2961 in
913 2896 1062 2982 pluribus
1073 2912 1132 2961 est.
1169 2896 1243 2961 Alio
1256 2909 1364 2961 autem

407 2998 579 3073 infinitum,
592 2997 680 3084 quod
695 3010 728 3062 et
743 2996 798 3077 sic,
809 3012 841 3061 et
857 3019 920 3060 nou
936 2997 993 3076 sic,
1008 2995 1174 3080 possibile:
1198 3010 1234 3061 nt
1249 2996 1365 3062 animal

406 3100 583 3178 ambulare,
600 3098 651 3163 vel
666 3099 850 3164 ambulante
865 3098 934 3163 fieri
956 3111 1078 3164 motum
1102 3113 1209 3176 terrea,
1224 3098 1275 3162 vel
1296 3120 1364 3162 oru-

407 3206 485 3269 niuo
503 3202 591 3289 quud
616 3226 635 3265 a
656 3222 731 3266 casu
754 3201 800 3266 fit.
846 3200 938 3266 Nihil
959 3204 1043 3266 enim
1065 3200 1110 3266 sic
1132 3200 1233 3287 magis
1253 3214 1364 3267 natum

408 3318 468 3383 est,
480 3305 532 3368 vel
547 3328 565 3369 e
580 3304 749 3370 contrario.
786 3304 882 3368 Nunc
896 3316 1005 3369 autem
1021 3322 1059 3369 ut
1071 3327 1242 3391 sequamur
1258 3326 1363 3382 usum,

410 3411 512 3483 Quem
524 3427 625 3491 penes
639 3408 811 3472 arbitrium
826 3414 883 3487 est,
896 3415 929 3471 et
941 3409 1012 3488 jus,
1027 3415 1059 3472 et
1072 3429 1189 3472 noma
1202 3410 1364 3490 loquendi,

407 3509 489 3574 ittud
512 3508 614 3573 sulum
637 3530 704 3573 esse
725 3508 923 3594 contingens,
945 3508 1034 3594 quud
1059 3508 1223 3573 interdum
1245 3509 1362 3586 evenit,

402 3612 471 3699 jam
487 3610 623 3676 dicitur:
656 3608 797 3696 alioquin
817 3631 923 3696 neque
945 3622 1077 3697 propter
1099 3622 1236 3674 amotam
1260 3632 1365 3674 neces-

407 3714 545 3791 sitatem,
576 3734 680 3798 neque
709 3725 843 3799 propter
876 3712 1073 3778 assistentem
1111 3710 1366 3797 possibilitatem,

406 3814 533 3879 dicetur
557 3814 749 3897 contingere.
806 3816 901 3879 Patet
926 3818 1037 3900 itaque
1062 3813 1149 3900 quod
1175 3836 1252 3879 usus
1276 3814 1366 3879 Aris-

406 3918 505 3979 totele
531 3916 690 4002 potentior
715 3926 777 3997 est,
798 3916 830 3980 in
855 3915 1040 4002 derogando
1064 3916 1178 3993 verbis,
1203 3917 1370 3982 velabro.

405 4016 513 4102 gando
539 4018 654 4083 verba:
694 4018 749 4081 sed
777 4017 941 4083 veritatem
972 4041 1092 4100 rerum,
1119 4017 1270 4105 quoniam
1295 4041 1365 4084 eam

406 4119 503 4183 homo
532 4142 594 4183 non
625 4117 750 4196 statuit,
777 4140 834 4183 nec
861 4119 1009 4184 voluntas
1039 4120 1180 4185 hnmana
1204 4119 1365 4184 convellit.

409 4222 527 4308 ltaque
556 4221 583 4285 si
614 4221 683 4286 fieri
713 4231 830 4307 potest,
857 4220 976 4286 artium
999 4220 1099 4285 verba
1129 4232 1309 4295 teneantur,
1335 4234 1369 4285 ct

410 4344 529 4389 sensus.
576 4322 630 4388 Sin
654 4336 762 4387 autem
788 4321 894 4387 minus
916 4322 994 4387 dum
1017 4345 1129 4388 sensus
1150 4334 1290 4399 maneat,
1312 4344 1369 4387 ex·

404 4424 514 4491 cidant
541 4426 655 4491 verba:
691 4427 841 4509 quoniam
873 4438 958 4490 artes
985 4425 1078 4500 scire,
1102 4446 1168 4487 non
1195 4435 1245 4491 est
1271 4425 1372 4512 scrip.
