3625 5317
729 798 953 845 nurnnnrcus.
1256 785 1318 849 2⁵1

384 953 479 1029 Quod
492 953 612 1018 ocritm
626 958 673 1015 est
686 971 785 1031 sacro
791 953 1044 1034 poginoesbrmo
1058 958 1091 1015 et
1105 953 1166 1015 luo
1179 954 1309 1017 animo.

368 1054 489 1117 Forma
503 1052 634 1140 quidem
649 1074 700 1117 res
715 1064 774 1126 eet,
790 1074 830 1115 ex
845 1073 912 1137 qua
926 1074 977 1116 res
991 1074 1066 1116 vera
1074 1065 1225 1132 -vocatur,

458 1154 554 1221 Unde
570 1153 618 1228 fit,
634 1167 670 1219 ut
686 1162 820 1226 constet,
836 1152 925 1238 quod
942 1176 1031 1220 sacro
1046 1153 1166 1240 scripta
1180 1153 1307 1220 docent.

370 1252 432 1321 Est
447 1254 518 1320 idea
533 1256 608 1321 boni
624 1277 770 1320 verorum
786 1254 858 1319 ious
871 1264 904 1319 et
918 1256 1021 1341 origo,

458 1360 603 1437 Quorum
619 1380 714 1422 causa
729 1357 808 1421 nitet
823 1356 854 1421 in
871 1358 994 1421 ratione
1009 1359 1082 1423 Dei.

372 1461 452 1526 Lux
466 1482 597 1525 accensa
612 1459 704 1524 nimis
719 1472 751 1523 et
766 1482 829 1523 non
844 1481 975 1523 accenso
989 1459 1131 1537 caducis,
1261 1467 1327 1528 885

461 1566 507 1629 Ut
523 1560 652 1627 videant
667 1562 820 1642 homines,
837 1584 869 1625 se
884 1561 1058 1626 minuendo
1070 1562 1159 1627 fucit.

373 1660 493 1728 Nullus
508 1662 591 1727 enim
607 1675 705 1727 totam
722 1673 850 1749 caperet
863 1687 871 1734 ς
897 1684 930 1725 se
946 1674 1102 1747 temperat
1116 1684 1206 1747 ergo,

461 1764 510 1829 Ut
527 1778 623 1850 queat
639 1761 785 1829 infirmus
799 1763 887 1827 illius
903 1784 972 1829 esse
985 1786 1098 1851 capax.

376 1866 458 1929 Haec
473 1864 583 1929 eadem
600 1864 745 1932 renodat
760 1887 873 1929 nomen
889 1866 1091 1953 participata,

462 1970 545 2032 Nam
562 1966 706 2053 subjecta
721 1966 780 2033 sibi
797 1966 902 2031 dicere
918 1990 993 2033 vera
1008 1980 1124 2054 potest.
1266 1974 1332 2033 890

377 2068 453 2135 Lux
469 2070 584 2133 snimae
599 2091 723 2146 venitm,
739 2068 805 2133 sine
820 2092 888 2155 quo
901 2070 1056 2135 brutescit
1073 2080 1107 2134 et
1119 2092 1228 2135 errans

464 2173 515 2237 De
529 2170 605 2237 vitio
620 2171 650 2235 in
668 2170 780 2236 vitium
798 2170 1008 2258 precipitata,
1023 2172 1116 2259 perit.

379 2260 533 2338 Materies
548 2273 685 2359 pretiosa
700 2274 804 2354 nimis,
820 2273 915 2339 nimis
929 2287 1005 2361 apta
1019 2275 1138 2353 decori,

468 2374 696 2461 Artificemque
711 2398 804 2441 suum
821 2375 925 2442 forma
939 2376 1054 2442 decora
1067 2382 1194 2464 probat.

379 2478 439 2541 Est
455 2476 526 2541 idea
540 2490 653 2564 potens
668 2477 735 2542 veri
751 2478 940 2556 substantia,
956 2502 1031 2566 quae
1047 2502 1113 2544 rem
1266 2487 1331 2546 895

467 2576 653 2652 Quamlibet
668 2579 819 2643 informat
834 2580 953 2653 etfacit
966 2604 1046 2657 esse,
1060 2581 1149 2666 quod
1165 2598 1222 2646 est.

381 2684 493 2759 Omne,
509 2681 594 2768 quod
611 2694 658 2747 est
672 2703 794 2755 rerum,
810 2682 969 2746 convincit
984 2682 1087 2745 forma
1102 2681 1153 2745 vei
1167 2695 1282 2755 actus;

466 2786 534 2849 Nec
549 2783 665 2849 falsum
681 2782 820 2859 dubites,
837 2783 862 2845 si
877 2781 960 2866 quid
974 2794 1114 2868 utroque
1128 2791 1224 2846 caret

380 2887 496 2952 Forma
512 2909 571 2950 suo
585 2885 693 2971 generi
709 2885 832 2970 quaevis
846 2882 974 2947 addicta
989 2896 1118 2948 tenetur

465 2990 511 3052 Et
526 2986 649 3073 peragit
665 3007 799 3072 semper,
813 2982 969 3071 quicquid
984 2983 1073 3070 origo
1083 2985 1189 3070 jubet.
1268 2986 1333 3049 400

379 3092 468 3176 Ergo
484 3087 571 3174 quod
587 3086 620 3151 in
636 3087 738 3151 forma
753 3090 862 3152 nativo
876 3098 1000 3152 constat
1015 3087 1133 3173 agitve,

468 3187 564 3269 Quod
579 3201 695 3253 natura
710 3210 840 3253 manens
854 3187 886 3251 in
902 3187 1024 3253 ratione
1039 3200 1159 3268 monet,

380 3296 460 3359 Esse
476 3292 525 3357 sui
540 3288 675 3377 generis,
691 3311 803 3353 verum
819 3288 897 3375 quid
914 3288 1045 3367 dicitur,
1061 3290 1160 3378 idque

468 3393 593 3460 Iudicat
609 3396 753 3471 effectus,
768 3404 825 3457 aut
840 3414 898 3458 sua
913 3392 1017 3458 forma
1030 3395 1156 3479 probat.

383 3494 469 3559 Hinc
483 3495 571 3561 aliud
587 3518 694 3561 verum
711 3518 814 3560 rerum
830 3496 987 3561 connexio
1001 3509 1167 3579 monstrat,
1274 3504 1338 3562 tot

469 3598 571 3674 Quam
588 3598 656 3662 sine
670 3597 852 3686 compositis
867 3620 961 3662 nemo
976 3597 1082 3662 videre
1096 3611 1213 3684 potest.

383 3698 443 3765 Est
460 3697 638 3765 intellectus
654 3723 759 3779 verus,
774 3702 854 3788 quia
867 3698 1005 3785 concipit
1019 3700 1135 3786 ipsam,

472 3801 590 3886 Sicque
606 3798 724 3887 triplex
740 3804 807 3865 veri
823 3799 922 3865 dictio
936 3799 1033 3865 rebus
1047 3800 1141 3879 inest,

383 3902 444 3966 Est
461 3924 564 3966 sermo
580 3925 685 3984 verus,
702 3903 827 3987 quoties
842 3901 990 3989 designat
1004 3902 1149 3984 eundem,

472 4004 506 4067 Si
522 4027 555 4068 se
570 4026 621 4069 res
636 4004 785 4083 habeant,
801 4019 836 4068 ut
853 4004 930 4069 data
944 4006 1042 4070 verbe
1056 4005 1176 4073 ierunt.
1273 4012 1338 4070 410

384 4104 460 4180 Res,
476 4104 656 4171 intellectus
671 4119 703 4172 et
720 4127 878 4170 sermones
894 4128 1024 4193 quoque
1039 4130 1130 4173 ueros

471 4206 631 4291 Dogmate
646 4205 808 4293 dispensat
823 4208 943 4293 pagina
960 4229 1048 4272 sacre
1062 4230 1133 4271 suo.

384 4304 550 4371 Artificem
568 4330 635 4372 sese
650 4319 785 4372 testatur
802 4306 941 4394 Spiritus
955 4308 1069 4384 aimus,

473 4407 566 4473 lilius
580 4410 722 4473 existunt
738 4432 857 4495 organa
871 4410 994 4495 quique
1009 4408 1095 4486 boni,
