3625 5317
483 729 548 788 806
741 739 1176 786 Jomrsssnssnnnrsusrs

484 894 707 958 detestabilem
726 892 767 956 de
788 893 994 976 processione
1014 893 1154 976 Spiritus
1167 893 1280 958 Sancti
1302 895 1433 957 conrin-

485 1017 562 1060 cens
577 1017 723 1058 errorem.
768 995 804 1058 si
826 995 899 1078 quis
920 1005 1038 1066 entem,
1053 993 1140 1078 qnod
1162 996 1267 1059 cuivis
1280 995 1434 1079 expedire

483 1117 548 1161 non
564 1096 688 1172 dubito,
703 1109 843 1179 qunntus
856 1095 917 1157 iste
930 1095 984 1171 sit,
998 1093 1158 1159 desideret
1170 1097 1305 1172 intueri;
1326 1096 1436 1174 libros,

484 1219 565 1284 quos
579 1219 621 1261 ex
634 1197 727 1260 variis
741 1197 848 1260 causis
861 1196 1002 1279 scripsit,
1015 1206 1049 1258 et
1061 1195 1239 1278 Episuus,
1249 1196 1435 1277 diligentius

483 1300 620 1381 releget:
657 1297 798 1360 rerolrnt
826 1295 990 1358 historiam
1019 1295 1061 1358 de
1095 1295 1169 1378 ipso
1202 1307 1237 1359 et
1270 1296 1433 1359 modernis

482 1401 659 1482 Anglornm
673 1399 802 1480 regibus
812 1397 983 1478 scriptsm3
999 1397 1080 1460 duos
1091 1418 1219 1482 quoque
1228 1397 1340 1472 libros,
1351 1418 1433 1481 qnos

483 1501 524 1564 de
550 1499 617 1563 rite
642 1511 675 1564 et
702 1497 945 1562 conversatione
969 1497 1041 1582 ejus
1069 1497 1231 1562 Edmerus
1254 1499 1434 1563 monachus

482 1598 674 1666 venerabilis
710 1598 874 1683 presbyter
909 1599 1076 1663 luculento
1111 1601 1198 1682 stylo
1231 1601 1433 1664 veracissime

481 1702 599 1778 edidit;
621 1711 732 1784 utpote
748 1700 796 1762 vir
814 1699 993 1779 religiosus,
1008 1697 1063 1782 qni
1086 1700 1117 1762 ei
1136 1700 1301 1764 familiaris
1320 1701 1431 1766 edmo-

481 1803 558 1867 dum
578 1804 693 1866 sueno
724 1801 812 1882 leget
831 1809 865 1864 et
885 1800 1050 1874 miraculu,
1072 1821 1146 1885 qne
1167 1811 1243 1884 post
1262 1803 1430 1866 trsnsitnm

479 1905 580 1988 ipsius
594 1903 782 1966 mirabiliter
801 1913 951 1983 operatus
971 1913 1022 1965 est
1039 1902 1221 1977 Dominus;
1243 1912 1278 1965 et
1292 1925 1366 1987 quie
1388 1903 1430 1967 nd

479 2000 664 2064 memoriam
689 1999 758 2082 ejus
787 1999 899 2061 crebro
928 1997 1023 2073 fiunt,
1047 1997 1248 2061 visitationes
1273 1999 1429 2063 ditissimi

479 2111 653 2164 veneretur.
704 2099 826 2182 Utique
848 2095 936 2181 quod
955 2108 1031 2159 onte
1052 2116 1104 2158 me
1124 2095 1165 2159 de
1185 2097 1327 2160 Antonio
1347 2097 1432 2161 dixit

478 2201 571 2278 elius,
585 2200 626 2264 de
641 2201 703 2262 isto
718 2199 850 2281 publice
864 2196 1033 2281 protestari
1046 2218 1112 2260 non
1128 2218 1254 2274 vereor3
1276 2199 1431 2280 quonism

479 2300 610 2381 grundis
632 2300 788 2383 perfectio
811 2309 862 2361 est
888 2299 1075 2361 Anselmum
1103 2319 1200 2362 nosse
1228 2300 1299 2382 quis
1327 2299 1429 2362 suerit

478 2398 648 2464 decedens
677 2419 751 2479 ergo
781 2398 822 2462 ed
850 2398 1007 2481 predicta
1033 2399 1185 2461 librorum
1209 2412 1427 2472 monuments,

477 2501 621 2565 Domino
635 2499 803 2563 miserante
818 2499 874 2582 qui
889 2520 910 2561 n
923 2500 1034 2580 glorie
1048 2520 1116 2563 sue
1129 2501 1299 2583 preconiis
1311 2521 1425 2585 pecca-

478 2615 561 2668 tores
583 2623 648 2665 non
671 2619 798 2682 semper
819 2601 959 2684 repellit,
980 2601 1021 2664 de
1043 2602 1108 2665 vite
1128 2610 1164 2665 et
1189 2604 1429 2667 conversatione

476 2705 558 2768 tnnti
572 2705 674 2768 Putris
689 2704 797 2785 alique
811 2703 920 2766 curari
938 2704 1162 2786 perstringere,
1176 2705 1343 2768 succincte
1356 2706 1426 2788 qui·

475 2805 549 2868 dem
563 2805 715 2868 brevitste
738 2815 772 2867 et
790 2825 936 2867 sermone
956 2805 1037 2868 sutis
1053 2807 1171 2888 plsn03
1192 2817 1240 2883 nt,
1253 2808 1282 2868 si
1296 2807 1368 2890 quis
1382 2806 1424 2870 nd

474 2905 601 2988 copism
623 2905 779 2980 omnium,
793 2924 867 2986 quae
888 2904 931 2965 sb
953 2924 993 2966 eo
1009 2905 1058 2966 vel
1080 2903 1122 2968 de
1144 2925 1184 2968 eo
1206 2905 1426 2989 scriptnsunt,

473 3005 613 3088 aspirare
628 3003 825 3088 nequiverit3
840 3005 954 3066 saltem
967 3024 1011 3066 ex
1021 3003 1083 3066 hec
1094 3007 1179 3069 stille
1190 3007 1271 3070 tenti
1286 3007 1426 3070 fluminis

473 3115 599 3184 gustare
610 3105 723 3186 possit,
732 3123 826 3187 quem
838 3105 956 3180 bouus,
965 3123 1063 3186 quem
1071 3107 1179 3170 strevis
1192 3120 1243 3171 est
1255 3109 1424 3185 Dominus,

473 3225 569 3287 quum
599 3205 713 3267 beatus
742 3225 837 3286 quem
868 3206 1067 3270 necessurius
1095 3207 1150 3290 qui
1186 3229 1260 3272 eum
1289 3207 1427 3272 fideliter

473 3303 572 3366 coluit
587 3301 681 3366 Pater
696 3303 877 3366 Anselmus.

474 3563 554 3650 Cep.
572 3569 599 3630 l.
623 3563 675 3629 De
694 3569 790 3647 putre
812 3571 844 3627 er
870 3572 971 3628 matre
994 3569 1192 3649 repereritis
1216 3568 1371 3646 Anselmi,
1393 3576 1426 3631 et

811 3663 849 3727 de
863 3667 984 3729 visione
998 3668 1078 3746 ejus.

515 3814 631 3875 Nuros
646 3822 751 3876 sutem
768 3815 801 3877 in
817 3819 964 3898 Auguste
979 3819 1118 3896 civitate,
1132 3829 1222 3902 patre
1239 3819 1423 3898 Gunduffn,

469 3925 568 3977 matre
583 3913 812 3995 Ermenberga,
827 3937 898 3997 quae
921 3939 986 3980 uun
1005 3933 1074 3981 erat
1097 3917 1303 4003 prudentium
1319 3920 1423 3983 soemi·

469 4035 592 4092 narum,
617 4015 767 4098 concepit
797 4020 838 4080 ub
867 4019 961 4082 initio
986 4021 1060 4083 vitre
1089 4023 1236 4084 timorem
1269 4023 1422 4097 Domini3

468 4141 487 4181 e
503 4137 568 4202 quo
584 4127 815 4200 consequenter
825 4113 938 4182 solutis
951 4141 1019 4183 suae
1033 4123 1159 4205 peperit
1173 4125 1322 4200 strictum,
1334 4122 1421 4186 unde

467 4242 547 4284 vere
557 4220 691 4302 justitias
706 4218 911 4302 postmodum
927 4242 1025 4304 opere
1038 4237 1275 4304 processerunt
1306 4225 1422 4287 Mettis

468 4341 539 4384 vero
563 4338 668 4384 mores
690 4319 765 4383 ideo
783 4318 883 4400 magis
910 4323 1091 4404 exprimere
1117 4325 1280 4390 studebat.
1324 4323 1420 4397 Quod
