3625 5317
478 753 542 823 216
724 776 861 823 aorasia
877 775 1159 821 sanusansuausrs
1239 750 1371 839 ’[ιιισι.
1388 778 1431 825 rr.

483 926 1430 1014 neseculivanitatibusdetineatur,quaeDeiauntetdeDeo

483 1028 731 1113 circumspectus
750 1028 997 1115 contemplatur,
1024 1042 1056 1093 et
1082 1029 1127 1093 sic
1148 1029 1180 1093 in
1207 1028 1428 1093 multimodam

483 1130 532 1195 sui
547 1131 760 1214 cognitionem
775 1146 807 1197 et
827 1132 1083 1197 reformationem
1105 1132 1298 1217 digreditur.
1345 1135 1428 1198 Hinc

482 1231 641 1296 Dominus
662 1232 702 1297 ad
728 1230 876 1319 Moysen,
896 1234 1046 1312 Attende,
1061 1234 1176 1320 inquit,
1201 1232 1260 1297 tibi
1281 1248 1315 1299 et
1336 1233 1425 1299 vide:

479 1332 552 1397 hinc
576 1334 694 1411 David,
712 1339 833 1400 Notum
857 1337 908 1399 fao
923 1336 1013 1412 mihi,
1037 1337 1184 1416 Domine,
1198 1336 1294 1401 linem
1309 1359 1424 1401 meum.

478 1435 565 1499 Hinc
579 1437 737 1501 Jeremias
755 1437 797 1501 de
811 1439 917 1502 anima
938 1438 1063 1503 infelice
1086 1439 1222 1525 seipsam
1239 1438 1422 1523 ignorante:

481 1534 598 1601 Sordes
619 1538 690 1624 ejus
706 1538 737 1601 in
759 1538 898 1625 pedibus
918 1541 999 1625 ejus,
1022 1561 1079 1603 nec
1101 1539 1264 1604 recordata
1284 1553 1334 1604 est
1356 1537 1427 1603 finis

477 1638 535 1703 sui.
583 1639 673 1704 Idem
689 1641 750 1705 sub
764 1642 866 1725 speeie
885 1641 987 1705 felicis
1007 1641 1121 1705 animae
1141 1639 1359 1724 cognoscentis
1373 1664 1423 1705 se:

477 1742 551 1825 Ego
565 1744 614 1807 vir
628 1742 740 1808 videns
755 1756 974 1830 paupertatem
985 1765 1098 1807 meam.
1146 1744 1231 1806 Hinc
1248 1742 1424 1826 Gregorius

476 1841 516 1905 de
538 1844 644 1908 anima
672 1859 808 1930 vagante
838 1844 968 1909 Stultus
991 1845 1025 1908 in
1053 1844 1167 1909 itinere
1188 1866 1313 1908 amoena
1334 1859 1426 1930 prata

476 1946 671 2032 conspiciens
687 1946 887 2012 obliviscitur
902 1971 966 2034 quo
982 1948 1096 2012 tendit.
1144 1949 1230 2012 Hinc
1249 1946 1375 2011 villicus
1393 1948 1424 2011 in

475 2047 646 2131 evangelis,
667 2048 790 2113 Fodere
810 2072 872 2113 non
888 2049 990 2129 valeo,
1012 2073 1053 2115 m.
1068 2074 1095 2115 e.
1111 2052 1170 2115 &c
1192 2050 1257 2124 Qui
1272 2050 1385 2136 utique
1400 2050 1424 2113 si

474 2146 608 2224 foderet,
624 2171 685 2213 non
698 2150 862 2216 mendicus
873 2150 927 2215 sed
937 2150 1027 2215 dives
1040 2165 1140 2215 esset:
1163 2149 1272 2214 fodere
1287 2172 1425 2236 namque

475 2264 522 2315 est
537 2251 758 2317 conscientiam
772 2264 803 2314 et
812 2254 972 2337 cogitatus
980 2251 1127 2328 scrutmi,
1138 2250 1277 2334 linguam
1291 2263 1323 2315 et
1334 2265 1425 2315 actus

476 2352 607 2417 sollicite
627 2352 844 2439 contemplari.
890 2353 972 2416 Haec
993 2352 1094 2438 igitur
1115 2352 1212 2415 sossio
1232 2351 1362 2418 humilis
1376 2366 1424 2417 est

475 2454 638 2534 confessio,
648 2452 784 2518 salubris
792 2453 1005 2539 compunctio,
1015 2467 1047 2518 et
1062 2464 1289 2517 contraomnes
1304 2452 1425 2517 inimici

476 2558 606 2624 insidias
621 2552 759 2645 perlecta
767 2556 978 2621 fenestrarum
995 2556 1141 2620 munitio.

506 2734 589 2797 Soet.
607 2735 636 2798 4.
666 2735 793 2809 Quarto
808 2740 939 2815 septeno
954 2732 1121 2815 deceptam
1138 2733 1257 2795 uirilius
1268 2732 1399 2795 anima.

520 2853 926 2936 Quanuaseptenaseptem
938 2846 1051 2911 virium
1064 2846 1179 2911 animae
1188 2846 1422 2932 sequitur‚qua

473 2955 514 3019 ad
545 2957 701 3019 exteriora
723 2974 861 3038 quaeque
890 2949 1097 3034 diriguntur;
1130 2972 1185 3034 per
1207 2972 1288 3035 quas
1317 2970 1422 3012 rerum

474 3057 613 3142 cognitio
629 3052 807 3119 evidentius
821 3050 1006 3138 percipitur.
1035 3052 1080 3113 Et
1089 3050 1162 3114 licet
1174 3049 1319 3115 animalis
1328 3050 1422 3113 homo

473 3183 545 3245 qnae
557 3158 688 3245 spiritus
700 3170 775 3221 sunt
789 3175 848 3217 non
862 3155 1033 3240 percipiat:
1049 3152 1187 3238 cognitis
1195 3168 1297 3218 tamen
1308 3154 1421 3217 anima:

474 3260 594 3324 viribus
605 3260 636 3321 in
648 3256 754 3320 schola
763 3253 1001 3339 disciplinarum
1011 3270 1043 3320 et
1054 3254 1422 3331 viritutumexercitatis,

473 3355 833 3449 majorem·cognitionis
855 3356 925 3439 ejus
946 3377 1107 3421 accessum
1131 3355 1236 3420 habet.
1294 3358 1421 3443 Septem

472 3476 546 3528 sunt
558 3460 671 3525 animae
683 3457 765 3521 vires
773 3457 806 3520 in
818 3456 957 3528 homini;
972 3457 1107 3537 animus,
1119 3480 1217 3537 mens,
1228 3458 1423 3542 imaginatio,

472 3566 590 3653 opinio,
615 3562 707 3639 ratio,
729 3560 919 3641 intellectus,
940 3574 971 3625 et
996 3559 1156 3624 memoria.
1213 3562 1352 3626 Animus
1373 3574 1419 3625 est

471 3670 584 3733 animae
600 3672 701 3733 virtus
711 3665 915 3751 potestativa,
927 3678 1050 3728 naturoe
1063 3664 1302 3748 operationibus
1310 3664 1419 3728 amica.

470 3778 564 3837 Mens
575 3782 622 3833 est
635 3770 683 3831 vis
695 3768 801 3839 animi,
815 3788 964 3831 sensnum
980 3764 1125 3829 officiose
1139 3766 1292 3843 excitans,
1302 3786 1333 3830 et
1346 3788 1421 3853 quae

468 3871 622 3939 sentiendi
644 3872 748 3957 passio
770 3869 818 3933 vel
839 3869 922 3933 actio
944 3870 1062 3953 cuique
1083 3870 1188 3933 sensui
1204 3870 1348 3954 subjecta
1370 3870 1421 3947 sit,

451 3974 656 4039 deliberans.
703 3974 783 4035 Haec
806 3968 854 4033 vis
879 3968 1059 4034 intellectus
1080 3970 1248 4034 exordium
1279 3975 1418 4056 primum

467 4076 616 4162 concipit,
638 4087 671 4138 et
694 4072 736 4137 sic
759 4092 921 4152 excessum
945 4093 1038 4135 suum
1068 4072 1107 4134 ad
1132 4078 1177 4137 rei
1206 4074 1419 4159 cognitionem

467 4178 628 4247 extendit:
645 4175 730 4240 unde
745 4173 832 4249 alibi,
852 4174 946 4236 Mens
966 4183 1013 4236 est
1030 4172 1076 4236 vis
1095 4173 1204 4253 animi,
1221 4174 1418 4240 intellectum

465 4282 605 4346 formans
634 4292 665 4343 et
696 4272 936 4359 intelligentiam
967 4276 1172 4337 constituens.
1225 4275 1418 4361 Imaginatio

463 4398 510 4453 est
526 4381 573 4446 vis
588 4380 700 4445 atrimae
723 4400 786 4465 qna
809 4374 1001 4460 percipimus
1016 4374 1152 4459 figuram
1170 4376 1349 4441 etcolorem
1367 4378 1414 4444 rei
