3625 5317
495 714 558 772 210
754 728 890 773 sonuum
907 728 1185 774 sanassaumusrs
1297 711 1410 790 [sacr.
1426 733 1449 777 1.

496 878 696 959 restauratio,
708 877 739 941 in
756 878 870 944 merito
884 879 1065 964 recipientis
1079 880 1196 944 amoris
1206 878 1402 957 reformatio,
1417 881 1450 945 in

496 983 659 1048 honestate
681 984 823 1047 muneris
837 1006 912 1048 vera
935 982 1085 1049 nobilitas
1099 1006 1138 1047 ex
1159 983 1285 1049 animo:
1311 985 1343 1049 in
1358 985 1450 1049 fami-

496 1082 632 1149 liaritate
655 1082 805 1168 sapientis
826 1106 953 1148 morum
974 1106 1045 1148 cum
1070 1086 1201 1149 scientia
1222 1084 1448 1150 consolidatio:

495 1184 527 1248 in
555 1184 747 1250 certitudine
781 1185 1001 1271 ambiguitatis
1037 1186 1176 1249 scientiae
1206 1189 1445 1253 consummatio.

496 1284 591 1349 Nunc
606 1307 682 1370 ergo
696 1287 845 1371 quoniam
862 1285 948 1372 apud
966 1309 1021 1349 vos
1037 1285 1126 1351 locus
1140 1299 1187 1350 est
1203 1288 1236 1349 io
1252 1310 1320 1372 quo
1330 1310 1445 1350 aurum

494 1388 662 1463 conflatur,
685 1386 827 1451 libellum
847 1386 966 1450 idcirco
980 1385 1119 1450 delectui
1142 1400 1249 1451 vestro
1267 1386 1446 1472 dirigimus,

494 1485 550 1570 qui
563 1490 632 1551 ‘De
643 1500 762 1570 septem
774 1486 1120 1573 septenis'intitulatur.
1144 1488 1308 1566 Quietiam
1319 1489 1444 1563 avobis,

494 1602 644 1675 tauquam
675 1610 789 1653 aurum
819 1588 964 1652 obrizum
994 1590 1205 1655 examinetur.
1260 1594 1297 1655 ln
1329 1590 1446 1675 quibus

493 1690 640 1756 omnibus
661 1713 716 1755 vos
739 1712 828 1753 nosse
849 1691 1007 1763 novimus,
1023 1690 1102 1776 quia
1117 1694 1143 1755 si
1158 1690 1237 1777 quid
1259 1691 1445 1778 quaestionis

494 1791 542 1855 rel
573 1791 700 1857 nodosae
722 1792 932 1857 contentionis
960 1792 1048 1877 apud
1078 1815 1135 1856 vos
1155 1793 1330 1871 emerserit,
1354 1793 1443 1880 quid,

493 1893 667 1957 secundum
684 1893 774 1979 quid,
789 1893 832 1957 ob
847 1890 927 1979 quid
943 1890 1030 1957 etad
1046 1890 1127 1978 quid
1144 1892 1257 1958 debeat
1271 1892 1319 1956 vel
1335 1895 1443 1978 possit.

493 1994 592 2059 Vobis
614 1994 713 2081 igitur
733 1994 900 2058 honestum
921 1993 1014 2058 valde
1031 1993 1194 2059 credimus
1214 2008 1246 2058 et
1265 1996 1357 2060 nobis
1375 2019 1444 2082 per-

492 2093 583 2170 utile,
598 2095 623 2159 si
646 2093 835 2179 ignorantiae
856 2095 1034 2159 obscuritas
1055 2095 1087 2157 in
1111 2093 1226 2171 lucem,
1249 2096 1443 2182 ambiguitas

492 2194 523 2257 in
555 2193 789 2271 certitudinem,
820 2216 969 2259 excessus
1004 2192 1126 2257 multus
1156 2193 1189 2258 in
1219 2196 1442 2263 misericordia

481 2294 1442 2373 ⁴multitudinem,odiumdiutinuminverumamoremvestro

491 2410 717 2462 convertantur
733 2410 886 2480 tempore,
904 2409 1019 2460 vestrae
1033 2394 1229 2481 disceptione
1244 2399 1378 2483 peritiae.

502 2588 585 2652 Sect.
604 2592 630 2651 l.
655 2588 770 2653 Primo
785 2594 916 2670 septena
932 2587 972 2649 de
985 2539 1100 2667 reptem
1117 2585 1215 2649 modia
1229 2588 1428 2655 modulantis.

534 2706 701 2771 (insanior
723 2716 753 2767 et
786 2703 890 2767 Groeci
921 2697 1106 2785 sapientiam
1129 2715 1301 2786 quaeruut:
1329 2702 1441 2769 latine

493 2810 656 2873 veritatem
678 2806 866 2893 inquirunt:
891 2802 938 2867 illi
953 2813 1102 2888 quarunt
1120 2817 1151 2868 et
1170 2804 1349 2883 inveniunt,
1364 2808 1439 2895 quia

491 2932 593 2975 mores
607 2931 679 2974 cum
696 2908 826 2972 scientia
840 2915 1057 2990 componunt;
1081 2902 1133 2968 isti
1149 2903 1317 2990 inquirunt
1332 2920 1365 2973 et
1380 2931 1440 2973 non

490 3011 666 3085 inveniunt,
682 3011 758 3093 quia
770 3003 996 3093 disputationis
1011 3004 1121 3089 potius
1135 3005 1326 3072 cavillationi
1342 3033 1440 3097 quam

491 3110 634 3175 veritatis
663 3109 859 3194 inquisitioni
890 3105 1054 3171 insistunt.
1100 3105 1259 3171 Cavillosa
1281 3132 1358 3174 vero
1380 3110 1441 3175 dis-

489 3212 616 3297 putatio
630 3209 791 3295 ingenium
808 3208 985 3275 exercendo
1004 3209 1135 3289 excitat,
1148 3209 1180 3272 in
1198 3212 1303 3295 quasi
1319 3234 1439 3279 moram

489 3314 599 3377 fecerit
614 3310 764 3375 obtundit
779 3324 811 3375 et
827 3310 981 3377 fascinat:
1007 3310 1093 3397 quod
1110 3310 1241 3396 quidem
1256 3313 1290 3377 in
1306 3312 1394 3380 invio
1409 3328 1441 3380 et

489 3436 551 3479 non
568 3415 601 3479 in
618 3413 669 3477 via
689 3412 832 3477 veritatis
854 3411 951 3477 hebes
965 3426 997 3478 et
1012 3417 1146 3499 palpans
1166 3428 1272 3489 errat;
1298 3417 1440 3484 veritatis

488 3531 595 3582 nutem
610 3515 776 3603 inquisitio
791 3516 870 3580 cotis
885 3514 951 3580 vice
965 3518 1087 3580 clarum
1099 3514 1263 3599 ingenium
1275 3533 1307 3584 et
1322 3520 1439 3585 subtile

487 3620 613 3687 reddit:
637 3620 670 3685 in
686 3618 767 3685 riam
781 3620 901 3707 regiam
917 3633 1054 3683 mentem
1067 3617 1189 3703 dirigit,
1205 3619 1441 3688 mentisoculos

487 3724 526 3789 ad
554 3724 656 3790 ardua
679 3722 783 3809 erigit.
829 3724 873 3787 Et
904 3720 977 3785 licet
1006 3718 1091 3783 hisce
1116 3718 1218 3784 oculis
1243 3721 1439 3810 quandoque

483 3824 635 3913 quaedam
668 3824 852 3912 aperiantur
881 3844 956 3908 quae
991 3823 1164 3897 latuerunt,
1194 3822 1300 3888 adhuc
1333 3838 1438 3891 tamen

486 3932 588 3994 multa
604 3928 714 4005 latent,
730 3950 804 4013 quae
819 3922 1044 4009 comprehendi
1061 3945 1122 3986 non
1140 3940 1284 4009 possunt,
1301 3926 1350 3989 vel
1365 3928 1439 3992 sub·

484 4032 612 4107 titiane,
628 4032 706 4117 quia
729 4052 853 4106 sensum
877 4026 1048 4111 effugiunt,
1072 4025 1121 4088 vel
1138 4025 1347 4105 obscuritate,
1362 4030 1439 4115 quia

484 4156 541 4199 noc
557 4132 699 4199 studium
713 4154 769 4195 nec
781 4128 942 4212 ingenium
956 4127 1143 4205 admittunt,
1154 4128 1203 4192 vel
1214 4130 1437 4208 immensitate,

483 4238 560 4324 quia
569 4236 722 4300 rationem
735 4245 766 4296 et
778 4229 974 4295 intellectum
985 4229 1156 4297 excedunt.
1181 4231 1270 4296 Hinc
1279 4245 1327 4296 est
1338 4232 1436 4318 igitur

483 4338 570 4425 quod
591 4336 699 4400 divina
722 4332 867 4420 quaedam
892 4346 964 4395 sunt
985 4354 1060 4417 quae
1083 4332 1113 4395 in
1146 4333 1434 4399 manifestationem
