3625 5317
415 738 607 818 cauma]
782 756 1026 804 usrauosrous.
1324 750 1365 807 st

413 913 446 970 et
468 903 607 971 diversas
628 907 673 971 sic
692 906 745 971 trel
768 907 811 973 sic
833 906 960 974 dicendi
982 908 1131 985 rationes,
1153 908 1313 992 ostendat,
1333 923 1366 977 et

413 1008 837 1077 crebriscommouitiouibus
849 1024 925 1097 agat
936 1011 968 1075 in
979 1012 1162 1076 memoriam
1171 1011 1365 1078 auditorum.

414 1111 569 1177 Auctorcs
583 1112 736 1192 excutiat,
758 1126 790 1178 et
806 1112 872 1179 sine
886 1113 1080 1180 intuentium
1099 1118 1165 1181 risu
1179 1138 1233 1179 eos
1248 1115 1367 1202 plumis

412 1212 535 1298 spoliet,
546 1213 686 1300 quas(ad
698 1214 828 1280 modum
834 1213 1015 1298 cornicula)
1026 1238 1066 1279 ex
1075 1215 1169 1282 variis
1175 1214 1365 1303 disciplinis,

413 1327 449 1380 ut
463 1314 550 1380 color
564 1316 670 1402 aptior
678 1317 731 1396 sit,
741 1318 807 1383 suis
817 1318 970 1403 operibus
980 1317 1176 1383 indiderunt.
1200 1319 1362 1396 Quantum

412 1416 559 1501 pluribus
581 1416 754 1504 disciplinis
776 1432 809 1484 et
830 1417 1048 1487 abundantius
1068 1420 1207 1506 quisque
1221 1420 1367 1487 imbutus

411 1517 519 1599 fuerit,
535 1531 625 1585 tauto
640 1519 830 1603 elegantiam
844 1534 1011 1586 anctorum
1033 1520 1159 1606 plenius
1172 1522 1365 1601 intuebitur,

411 1621 600 1708 planiusque
622 1621 760 1687 docebit.
805 1621 859 1685 Illi
882 1622 966 1686 enim
995 1646 1053 1708 per
1075 1621 1246 1702 diacrisim,
1268 1646 1364 1709 quam

412 1744 471 1785 nos
490 1721 745 1803 illustrationem,
767 1723 833 1787 sive
854 1722 1100 1809 picturationem
1121 1744 1288 1808 possumus
1309 1746 1365 1810 ap

411 1822 647 1909 pellare,quum
658 1824 768 1889 rudem
777 1825 940 1891 materiam
950 1825 1166 1902 bistorioe,aut
1174 1826 1365 1910 argumenti,

411 1938 469 1989 aut
484 1924 616 2005 fabulae,
630 1924 764 1990 aliamve
774 1922 949 2012 quamlibet
960 1926 1183 2012 suscepissent,
1192 1948 1261 1990 eam
1276 1938 1366 1991 tanta

411 2025 650 2113 disciplinarum
673 2026 776 2114 copia,
791 2040 822 2091 et
839 2040 929 2093 tanta
950 2027 1188 2114 compositionis
1208 2044 1241 2092 et
1256 2028 1365 2093 condi-

411 2129 510 2194 menti
541 2128 646 2214 gratia
682 2129 880 2207 excolebant,
917 2142 954 2197 ut
984 2152 1066 2216 opus
1100 2144 1364 2211 consummatum,

412 2230 550 2296 omnium
573 2231 690 2296 artium
713 2232 950 2316 quodammodo
966 2230 1129 2297 videretur
1150 2233 1268 2317 imago.
1311 2232 1362 2300 si-

412 2332 542 2418 quidem
555 2334 785 2415 Grammatica,
794 2334 983 2421 poeticaque
992 2357 1025 2399 se
1037 2348 1120 2400 totas
1130 2334 1319 2413 infundunt,
1328 2346 1361 2399 et

412 2437 492 2522 ejus,
522 2435 609 2521 quod
638 2436 821 2522 exponitur,
847 2449 948 2502 totam
973 2436 1170 2522 superficiem
1193 2449 1361 2523 occupant·

413 2539 512 2614 Huic,
540 2550 576 2603 ut
603 2537 664 2602 dici
688 2538 780 2619 solet,
805 2542 1028 2623 campologica,
1054 2536 1211 2623 probandi
1240 2542 1363 2603 colores

410 2642 554 2716 afferens,
578 2660 652 2702 suas
674 2638 819 2703 immittit
842 2640 980 2704 rationes
1002 2640 1034 2702 in
1056 2638 1183 2724 fulgore
1205 2637 1296 2702 auri:
1327 2650 1360 2703 ct

410 2740 565 2806 rhetorica
579 2740 613 2804 iu
628 2740 706 2804 locis
721 2740 960 2826 persuasionum
976 2754 1009 2805 et
1024 2740 1126 2804 nitore
1141 2739 1270 2825 eloquii,
1286 2760 1361 2803 can·

410 2842 520 2907 dorem
536 2856 723 2926 argenteum
735 2841 917 2906 aemulutur.
955 2840 1187 2907 Mathematica
1201 2838 1360 2925 quadrivii

411 2944 462 3009 sui
471 2943 549 3008 rotis
557 2942 695 3015 vehitur,
703 2938 903 3026 aliarumque
913 2940 1055 3025 vestigiis
1063 2939 1219 3014 insistens,
1229 2939 1361 3016 colores,

409 3055 443 3109 et
458 3056 640 3107 venustates
655 3064 727 3107 suas
742 3041 912 3128 multiplici
928 3042 1081 3106 varietate
1095 3042 1247 3106 contexit.
1273 3040 1361 3127 Phy-

409 3147 474 3212 sica
489 3144 662 3231 exploratis
685 3156 809 3209 naturae
830 3144 980 3223 consiliis,
1000 3144 1040 3209 de
1061 3146 1282 3232 promptuario
1300 3164 1361 3208 suo

408 3246 713 3334 affertmultiplicem
721 3246 861 3313 colorum
869 3260 1077 3313 venustatem.
1099 3245 1272 3313 lllaautem
1284 3269 1359 3332 quae

409 3348 745 3436 caeterispbilosopbire
755 3349 901 3434 partibus
909 3349 1105 3435 praeeminet,
1114 3348 1262 3413 Ethicam
1274 3346 1358 3423 dico,

409 3453 475 3517 sine
487 3474 551 3538 qua
560 3471 619 3515 uec
629 3449 812 3536 philosophi
824 3450 971 3517 subsistit
983 3472 1109 3528 nomen,
1119 3448 1225 3513 collati
1237 3446 1361 3512 decoris

408 3558 512 3641 gratia
526 3574 635 3617 omnes
656 3551 733 3616 alias
747 3550 917 3618 antecedit.
963 3550 1089 3615 Excute
1106 3548 1287 3634 Virgilium,
1301 3560 1358 3613 aut

408 3661 586 3734 Lucanum,
600 3668 633 3719 et
648 3655 704 3731 ibi,
726 3655 949 3741 cujuscunque
967 3652 1179 3740 philosophiae
1199 3650 1358 3737 professor

409 3758 461 3835 sis,
470 3756 613 3844 ejusdem
628 3756 769 3821 invenies
778 3756 989 3822 condituram.
1015 3758 1105 3841 Ergo
1114 3778 1174 3842 pro
1182 3754 1358 3841 capacitate

407 3858 568 3935 discentis,
580 3871 637 3922 aut
652 3856 796 3921 docentis
806 3856 977 3932 industria,
992 3873 1025 3922 et
1041 3856 1222 3942 diligentia,
1233 3866 1357 3919 constat

407 3960 534 4023 fructus
561 3956 771 4044 proelectionis
801 3970 980 4023 auctorum.
1040 3957 1242 4043 Sequebatur
1272 3957 1357 4021 huno

408 4082 527 4124 morem
544 4060 729 4125 Bernardus
751 4061 968 4139 carnotensis,
983 4058 1277 4125 exundantissimus
1292 4078 1358 4119 mo-

407 4161 514 4226 dernis
541 4161 739 4246 temporibus
761 4161 833 4225 fons
861 4160 1025 4226 literarum
1055 4161 1088 4225 in
1119 4158 1237 4234 Gallia,
1265 4166 1298 4218 et
1322 4155 1355 4217 in

408 4276 574 4329 auctorum
591 4263 723 4328 lectione
739 4264 817 4349 quid
829 4262 965 4349 simplex
977 4276 1069 4337 esset,
1086 4275 1118 4326 et
1128 4260 1169 4324 ad
1185 4256 1356 4340 imaginem

407 4366 527 4453 regulae
556 4366 707 4453 positum,
737 4364 946 4438 ostendebat3
978 4366 1098 4447 figuras
1126 4355 1355 4445 grammaticas,
