3625 5317
461 764 524 837 080
729 795 864 841 rosuurs
880 790 1159 839 sunssssnrsrrsrs

551 946 643 1023 Vere,
659 968 739 1029 qnos
754 947 811 1010 ribi
829 946 883 1009 dat
898 946 1015 1028 pagins
1030 966 1120 1009 sacru
1134 944 1247 1008 duces.

466 1042 591 1108 Censeo
607 1044 816 1110 Christicolas
831 1048 929 1125 cultu,
946 1068 1010 1109 non
1027 1045 1157 1108 nomine
1172 1045 1306 1121 Christi,
1374 1042 1383 1063 ⁸

552 1147 655 1218 Quem
670 1158 824 1231 prestant
838 1149 961 1211 homini
977 1148 1042 1209 vita
1056 1146 1187 1229 pudice,
1202 1146 1295 1208 lides.

466 1246 577 1310 Gratia
593 1248 763 1311 multorum
779 1248 907 1314 dabitur
920 1249 981 1312 tibi
995 1268 1068 1310 vers
1083 1247 1231 1330 sequenti
1336 1248 1417 1307 12⁷5

554 1348 726 1429 Dogmata,
740 1370 813 1431 quse
828 1360 981 1432 praeslent
995 1346 1137 1410 moribus
1151 1359 1247 1429 utque
1263 1345 1338 1409 fide.

468 1444 543 1508 Non
559 1457 664 1513 tumen
681 1450 752 1513 haeo
766 1451 822 1512 illa
836 1449 997 1532 produces
1011 1460 1099 1513 tutus
1113 1448 1148 1509 in
1162 1448 1248 1522 suls,

555 1550 594 1611 ln
611 1571 675 1632 quo
689 1569 758 1615 rere
772 1560 880 1614 monet
893 1551 1007 1630 gratis,
1021 1569 1092 1637 rsus
1106 1548 1201 1612 fides.

469 1648 554 1712 Pure
568 1648 651 1714 fides
665 1672 729 1714 non
745 1652 816 1714 sols
829 1663 937 1715 tamen
951 1652 1060 1733 placet
1074 1650 1236 1727 omnibus,
1249 1649 1305 1712 illu

556 1750 684 1815 (iratior
697 1763 748 1817 est
761 1753 886 1827 merito,
902 1772 999 1834 quern
1014 1752 1100 1813 hona
1115 1751 1179 1813 risu
1194 1750 1289 1813 fovet.
1337 1752 1418 1811 1080

470 1850 533 1913 Est
547 1872 629 1915 verre
645 1854 716 1917 vitoe
732 1853 803 1917 sons
817 1874 898 1936 pure
913 1852 1006 1929 fides,
1019 1852 1161 1935 fideique

557 1954 633 2017 Vite
646 1956 722 2018 boni
739 1974 860 2037 mores:
885 1954 986 2017 donat
998 1964 1168 2037 utrumque
1184 1952 1283 2015 Deus.

474 2052 570 2119 Quod
585 2054 699 2115 sanius
718 2061 767 2115 ert
780 2054 900 2134 puoch
915 2053 1051 2133 placere
1069 2052 1171 2129 boore,
1192 2069 1290 2131 quom
1309 2048 1418 2111 multi·

796 2154 904 2217 tudini
917 2152 1099 2215 stultorum.

472 2248 538 2313 Sed
554 2250 629 2333 quis
642 2270 739 2313 nemo
752 2262 862 2333 potest
876 2250 983 2314 stultis
996 2249 1120 2312 ratione
1134 2249 1273 2331 placere,

560 2348 705 2411 Sufficiet
720 2350 870 2430 gravibus
885 2360 916 2412 le
932 2350 1091 2432 placuisse
1107 2349 1191 2412 viris.

474 2447 538 2509 Vix
554 2446 756 2510 indoctorum
772 2449 890 2530 poterit
904 2450 979 2532 quis
993 2450 1074 2512 serre
1088 2448 1275 2523 cachinnos,
1341 2448 1423 2508 lese

562 2548 598 2611 si
612 2569 677 2611 non
693 2548 734 2612 sio
747 2549 820 2612 sorti
835 2562 976 2633 pectore,
990 2564 1098 2614 mente
1113 2550 1209 2632 gravi.

477 2648 601 2711 Sunnus
616 2659 650 2713 el
664 2650 823 2712 rhonchos
839 2650 981 2731 geminet
994 2651 1114 2713 lascire
1123 2649 1290 2733 juventus,

561 2746 662 2809 Audit
675 2748 716 2811 ab
732 2748 843 2829 ignoto
858 2749 886 2810 si
899 2768 984 2810 nove
998 2747 1096 2810 verbs
1109 2748 1202 2808 libro.

476 2846 552 2909 Non
567 2846 668 2929 fugies
682 2848 845 2912 rhonchos
858 2849 1063 2929 linguasque,
1077 2866 1257 2930 munusque
1272 2836 1424 2927 procaces

563 2948 626 3012 Vix
643 2949 756 3031 fugies,
771 2950 833 3012 nisi
847 2950 897 3028 sit,
913 2968 977 3032 quo
992 2948 1075 3011 duce
1090 2958 1180 3011 tutus
1193 2968 1258 3025 ess.
1286 2970 1290 2976 ’
1341 2948 1423 3007 1090

498 3046 551 3110 De
567 3046 750 3131 Theobaldo
762 3048 1012 3131 Arcliepiecopo
1021 3057 1056 3111 et
1070 3046 1194 3111 Thomu
1211 3045 1425 3111 Concellorr‘o.

477 3147 540 3223 Qui
549 3147 654 3231 jubet,
670 3160 704 3213 ut
719 3150 851 3227 scribas,
865 3150 949 3213 solet
961 3148 1047 3212 idern
1063 3149 1183 3231 scripte
1196 3148 1314 3224 fovere,

563 3248 708 3330 Qureque
724 3251 822 3311 semel
836 3250 953 3331 recipit
966 3248 1109 3325 nornine,
1124 3246 1310 3312 clarefecit

476 3345 537 3409 ille
551 3346 770 3423 Theobsldus‚
785 3349 840 3430 qui
856 3348 976 3411 Christi
991 3348 1141 3432 presidet
1154 3350 1247 3423 aulus,

565 3448 668 3519 Quom
685 3446 761 3511 fidei
776 3460 910 3513 matrem
924 3450 1042 3514 Contio
1056 3460 1165 3514 nostro
1178 3448 1267 3525 colit,

478 3546 577 3611 Hunc
593 3568 816 3612 successurum
830 3549 893 3613 sibi
909 3562 1016 3633 sperat
1030 3561 1063 3613 et
1076 3560 1157 3625 oret,
1170 3559 1207 3612 ut
1219 3547 1306 3613 idem
1345 3552 1428 3609 lese

564 3648 713 3713 Presulis
728 3649 869 3714 officium
885 3650 1118 3733 muniuntque
1133 3651 1251 3712 locum.

479 3745 546 3809 Hic
562 3758 620 3825 est,
635 3748 822 3813 cumilicum
837 3751 892 3833 qui
902 3750 960 3834 jus
974 3750 1132 3814 cancellat
1145 3748 1304 3831 iniquum,

566 3851 656 3921 Quos
670 3850 784 3914 habuit
798 3871 888 3933 reges
903 3851 1021 3932 Anglis
1035 3860 1132 3933 cepto
1146 3849 1212 3925 diu,

478 3950 561 4013 Esse
575 3958 692 4033 putens
707 3972 808 4035 reges,
824 3973 904 4035 quos
920 3959 971 4015 est
985 3972 1140 4035 perpesse
1155 3962 1328 4032 tyrsnn0s;

566 4052 643 4115 Plus
659 4064 825 4117 veneretur
838 4074 906 4132 eos,
921 4052 977 4135 qui
992 4072 1130 4116 nocuere
1145 4052 1255 4133 megis.
1348 4054 1430 4115 lsoo

762 4151 814 4213 De
828 4149 971 4213 moribus
989 4150 1148 4231 Hyrcani.

480 4253 581 4327 Huic,
598 4254 652 4335 qui
668 4254 844 4336 priscorum
859 4272 964 4313 mores
980 4253 1133 4335 legesque
1148 4253 1257 4314 revelli

567 4352 735 4435 Procopit,
750 4350 877 4413 libitum
891 4371 950 4433 pro
965 4352 1088 4413 ratione
1102 4353 1178 4425 suin
