3625 5317
653 781 729 826 vrrs
746 779 864 826 saucrr
880 780 1008 826 rasura
1024 779 1121 825 osus.
1300 767 1364 828 379

408 931 497 1009 turis,
511 933 683 996 insatiabili
698 933 829 996 avaritia
844 943 876 996 et
891 932 1054 1017 stupendo
1068 953 1147 996 ausu
1163 932 1365 1016 diripientes,

408 1055 457 1110 ea,
472 1043 518 1096 -ut
540 1032 643 1107 libuit,
670 1033 753 1096 inter
778 1055 811 1096 se
841 1028 1029 1110 diviserunt,
1053 1034 1227 1098 imitatores
1252 1054 1363 1096 eorum

408 1135 495 1208 facti,
522 1135 578 1218 qui
605 1135 687 1199 inter
714 1157 748 1198 sc
779 1134 898 1198 Christi
929 1135 1118 1198 vestimenta
1146 1134 1254 1218 partiti
1279 1147 1363 1211 sunt,

409 1235 486 1299 licet
506 1256 562 1298 eos
582 1234 819 1318 quodammodo
839 1234 1068 1318 praecedebant
1087 1236 1120 1297 in
1144 1237 1274 1299 scelere.
1317 1237 1365 1300 Et

410 1348 447 1399 ut
467 1333 625 1419 pontifici,
646 1331 714 1416 jam
729 1356 787 1418 per
801 1335 989 1418 martyrium
1013 1346 1177 1413 coronato,
1197 1336 1364 1400 bominum

410 1437 509 1518 gratia
520 1437 703 1512 auferretur,
717 1437 824 1498 omnia
839 1437 966 1520 scripta,
980 1457 1052 1519 quas
1067 1438 1239 1518 sacrilegus
1253 1437 1364 1519 praedo

409 1539 570 1623 surripuit,
585 1537 626 1600 ad
641 1559 747 1619 regem
771 1538 803 1600 in
821 1536 1051 1601 Normanniam
1074 1540 1260 1602 transmissa
1279 1551 1363 1602 sunt.

412 1639 475 1702 Sed
490 1649 570 1702 nutu
591 1637 698 1700 divino
718 1639 852 1720 contigit
871 1637 957 1722 quod
979 1651 1098 1721 quanto
1118 1639 1220 1720 magis
1234 1639 1365 1702 athletae

410 1739 573 1804 fortissimi
587 1739 719 1820 gloriam
734 1739 901 1802 obfuscare
923 1737 1086 1802 nitebatur
1103 1740 1244 1803 bumana
1262 1749 1364 1802 teme-

409 1842 497 1916 ritas,
516 1851 605 1904 tanto
627 1840 765 1922 amplius
784 1861 853 1904 eam
878 1840 1040 1902 Dominus
1059 1839 1238 1904 illustrabat
1256 1842 1290 1903 in
1312 1861 1363 1904 os-

410 1943 553 2006 tensione
578 1941 701 2004 rirtutis
722 1951 755 2004 et
777 1941 1002 2004 miraculorum
1025 1942 1201 2004 manifestis
1222 1940 1363 2005 indiciis.

411 2043 506 2117 Quod
535 2044 594 2107 viri
619 2041 710 2126 impii
736 2042 790 2126 qui
815 2063 889 2106 eum
914 2042 1136 2106 insatiabiliter
1158 2041 1291 2106 oderant
1314 2043 1364 2104 in·

409 2155 544 2222 tuentes,
566 2145 775 2208 inhibuerunt
797 2144 927 2207 nomina
954 2144 1096 2227 publicae
1120 2143 1299 2227 potestatis,
1320 2163 1364 2205 ne

410 2247 563 2310 miracula
589 2267 663 2329 quae
687 2241 808 2306 fiebant
838 2245 1006 2328 quisquam
1035 2244 1166 2327 publice
1195 2242 1362 2326 publicare

411 2358 623 2429 praesumeret.
668 2345 825 2410 Ceterum
847 2347 921 2430 quis
941 2347 1053 2409 frustra
1072 2348 1261 2411 obnubilare
1280 2346 1365 2410 desi·

411 2447 510 2524 derat,
526 2448 616 2532 quod
631 2450 721 2512 Deus
737 2447 911 2511 clarificare
926 2448 1077 2532 disponit
1124 2448 1175 2511 Eo
1190 2451 1275 2512 enim
1299 2471 1364 2513 am·

410 2551 495 2631 plius
520 2551 729 2634 percrebuere
756 2550 918 2626 miracula,
944 2572 1008 2632 quo
1038 2549 1228 2612 ridebantur
1256 2551 1366 2633 impiis

411 2650 583 2714 studiosius
603 2649 804 2712 occultanda.
853 2651 963 2710 Homo
983 2648 1070 2709 videt
1090 2649 1124 2708 in
1147 2649 1246 2710 facie:
1276 2650 1365 2712 solus

412 2751 502 2813 Deus
517 2759 565 2812 est
585 2749 639 2832 qui
659 2767 752 2810 renes
772 2757 805 2810 ct
827 2746 925 2808 corda
945 2756 1112 2809 scrutatur.
1158 2749 1242 2811 Nam
1265 2770 1363 2832 quum

410 2849 495 2913 beati
516 2848 660 2930 martyris
680 2867 796 2930 corpus
818 2847 989 2930 sepulturae
1009 2846 1199 2911 tradendum
1213 2862 1309 2923 esset,
1332 2863 1365 2914 et

412 2952 452 3015 de
474 2971 562 3014 ruore
584 2944 824 3032 pontificalibus
844 2947 1047 3012 inducretur:
1079 2949 1168 3031 quod
1190 2949 1363 3014 admodum

411 3053 506 3136 pauci
529 3050 699 3115 familiares
722 3051 790 3136 ejus
812 3059 974 3126 noverant,
996 3049 1161 3113 inventum
1184 3062 1233 3112 est
1257 3050 1364 3114 cilicio

411 3152 602 3236 pedunculis
624 3166 656 3214 et
678 3152 838 3214 vermibus
860 3150 974 3213 referto
1000 3149 1197 3213 involutum:
1228 3152 1364 3236 ipsaque

410 3251 573 3314 femoralia
598 3245 668 3330 ejus
692 3250 841 3314 interiora
867 3270 968 3332 usque
994 3248 1036 3312 ad
1061 3250 1200 3332 poplites
1226 3251 1364 3328 cilicina,

411 3351 498 3436 quod
518 3363 611 3414 antea
630 3350 717 3434 apud
737 3361 893 3413 nostrates
914 3351 1016 3413 fuerat
1034 3350 1224 3425 inauditum,
1239 3364 1366 3436 reperta

412 3465 495 3516 sunt.

454 3553 536 3626 Quis
564 3551 678 3615 referat
706 3568 788 3634 quos
817 3549 963 3630 gemitus,
995 3562 1133 3632 quantos
1162 3547 1366 3616 lacrimarum

412 3654 529 3717 imbres
543 3664 725 3717 sanctorum
742 3661 844 3712 coetus
858 3649 912 3732 qui
929 3648 1038 3712 aderat
1053 3650 1085 3711 in
1100 3646 1295 3716 revelatione
1316 3653 1365 3718 sie

412 3754 607 3818 adumbratas
622 3753 786 3836 religionis
802 3750 962 3814 emiserit?
1007 3751 1052 3812 Et
1066 3752 1140 3835 quis
1154 3752 1243 3835 quod
1258 3754 1365 3836 sequi·

411 3854 546 3916 tursius
560 3853 700 3915 lacrimis
714 3853 828 3915 referre
843 3853 960 3935 poterit
973 3853 1022 3916 vel
1038 3853 1170 3916 audire?
1215 3855 1366 3919 Ecclesia

348 4003 350 4008 .
411 3952 544 4037 quidem
567 3974 638 4036 quae
660 3973 749 4014 sacro
773 3972 886 4014 cruore
909 3953 1026 4016 violata
1048 3955 1160 4027 fuerat,
1183 3956 1232 4015 vel
1258 3956 1365 4036 potius

413 4065 606 4129 consecrata,
622 4073 655 4116 se
676 4073 740 4114 non
763 4062 827 4113 tam
851 4051 920 4112 sine
936 4053 1136 4116 haesitatione
1157 4066 1190 4116 ct
1209 4053 1362 4117 delibera-

411 4156 498 4218 tione
521 4156 620 4218 multa
642 4167 769 4238 propter
792 4162 911 4214 metum
934 4153 1103 4237 impiorum
1126 4153 1168 4217 ad
1191 4163 1366 4237 protestan-

412 4253 486 4318 dam
511 4256 660 4340 injuriam
688 4255 762 4331 Dei,
787 4253 981 4334 suspendere
1007 4275 1084 4315 ausa
1110 4266 1160 4316 cst
1185 4276 1205 4318 a
1227 4254 1363 4319 divinis:

411 4355 466 4416 sed
494 4368 599 4420 tantus
627 4369 726 4418 terror
751 4375 791 4417 ex
818 4354 918 4434 signis
944 4354 1129 4435 patentibus
1154 4357 1365 4438 provinciales
