3625 5317
492 755 555 816 tat
752 765 1178 812 soansrssaaasnaaraaars

496 903 705 997 Lanfranous,
730 929 840 1002 utpote
870 941 973 983 noros
998 920 1174 999 Anglomm
1203 918 1322 993 incola,
1348 919 1444 1000 plene

494 1017 657 1084 historiam
684 1030 823 1082 noverat.
869 1019 954 1082 Nam
979 1027 1012 1082 et
1036 1016 1205 1101 Elphegns
1228 1037 1288 1101 pro
1313 1017 1444 1080 Christo

492 1141 604 1204 passus
629 1130 686 1183 est.
732 1121 904 1182 Anselmus
930 1130 1037 1184 tamea
1064 1119 1106 1182 ad
1132 1119 1243 1182 audita
1266 1117 1442 1202 respondit.

492 1221 674 1306 “Mastya’'
688 1221 804 1304 inquit,
820 1221 840 1254 “
852 1219 978 1285 videtur
998 1221 1160 1302 egregium
1191 1221 1247 1302 qui
1269 1221 1352 1282 mori
1373 1239 1439 1280 ma·

492 1321 562 1399 luit,
577 1342 672 1406 quam
686 1320 835 1405 injuriam
851 1321 1027 1404 praesertim
1042 1321 1093 1383 bis
1108 1341 1189 1404 quos
1203 1321 1285 1384 tueri
1300 1319 1443 1384 debebat

490 1421 638 1504 irrogare.
683 1423 728 1486 Et
751 1419 846 1506 plane
872 1421 928 1506 qui
956 1423 1019 1486 boe
1046 1422 1134 1506 quod
1158 1441 1291 1506 parrum
1316 1419 1442 1484 videtur

490 1533 614 1587 tantum
637 1523 808 1600 exhorruit,
834 1534 1011 1587 conventus
1035 1523 1070 1585 in
1094 1523 1295 1585 confessione
1319 1519 1440 1585 Christi

491 1624 675 1688 fidelissime
689 1633 795 1688 staret·
840 1625 926 1686 Nam
950 1623 1006 1707 qui
1030 1623 1152 1687 devitat
1175 1622 1317 1700 minima,
1332 1620 1441 1702 gravia

489 1725 581 1790 facile
596 1745 662 1788 aon
679 1723 826 1788 admittit.
871 1723 924 1788 Sic
940 1745 1018 1806 ergo
1036 1725 1202 1789 Jobaunes
1223 1744 1281 1806 pro
1297 1719 1439 1798 veritate,

488 1827 535 1892 aio
551 1838 582 1890 et
605 1827 773 1910 Elplregue
791 1846 848 1909 pro
868 1825 995 1909 justitia
1009 1846 1123 1910 passus
1137 1825 1217 1888 mihi
1231 1825 1357 1906 Martyr
1378 1823 1436 1886 ha-

487 1929 579 1993 betur
592 1927 737 2010 insignia.
783 1927 868 1992 Nam
882 1938 1015 2011 uterque
1029 1948 1088 2010 pro
1102 1925 1251 2002 Christ03
1273 1925 1342 2009 qui,
1353 1925 1437 1988 sieut

488 2031 612 2108 veritas,
625 2029 673 2094 ita
691 2026 820 2113 quidem
843 2038 876 2091 et
893 2027 1020 2113 jtutitia
1034 2028 1109 2091 est”
1154 2025 1326 2110 Aequierit
1348 2025 1436 2087 Lan·

486 2133 634 2209 francus;
656 2139 689 2194 et
702 2129 865 2194 historiam
881 2130 946 2212 legi
961 2129 1121 2193 effoetum
1137 2127 1284 2210 martyris
1297 2124 1437 2189 instituit

487 2233 661 2297 solenniter
675 2231 769 2296 annis
784 2232 919 2314 singulis
935 2230 1099 2295 celebrari.

529 2336 701 2398 Anselmus
711 2342 817 2397 autem
832 2355 897 2397 non
909 2333 1006 2398 modo
1017 2332 1169 2398 ecelesias
1180 2342 1213 2394 et
1222 2333 1295 2395 loca
1305 2351 1436 2394 venera·

484 2433 563 2498 bilia
576 2432 783 2509 circumibat;
805 2432 863 2496 sed
879 2435 1023 2498 civitates
1038 2445 1071 2498 et
1085 2434 1215 2497 castella
1229 2445 1263 2496 et
1275 2431 1436 2495 nobilium

485 2535 610 2614 domos,
624 2535 685 2598 hae
700 2543 733 2598 et
746 2533 821 2598 illae
844 2535 997 2600 invitatus
1011 2547 1045 2600 et
1058 2546 1187 2611 tractus,
1202 2548 1235 2598 et
1248 2554 1343 2599 verus
1357 2553 1435 2616 apo·

484 2639 636 2704 stolorum
652 2636 839 2720 sequipeda,
853 2637 985 2700 verbnm
1000 2637 1077 2702 fidei
1096 2649 1129 2702 et
1149 2637 1261 2701 salutis
1283 2636 1435 2699 omnibus

483 2741 644 2824 erogabat.
691 2735 773 2802 Nam
804 2748 836 2801 et
864 2737 1014 2802 omnibus
1043 2737 1152 2802 omnia
1176 2736 1281 2802 faetus
1309 2747 1368 2812 est,
1398 2747 1436 2799 ut

483 2841 682 2906 lucrifaceret
703 2858 832 2902 omues:
863 2839 945 2902 adeo
967 2838 1108 2923 quidem,
1132 2851 1169 2902 ut
1189 2839 1284 2902 etiam
1306 2839 1357 2900 bis
1378 2836 1435 2920 qui

484 2941 553 3006 sino
579 2943 650 3024 lege
677 2951 778 3018 erant,
803 2950 889 3006 esset
913 2953 947 3004 et
974 2941 1045 3023 ipse
1073 2949 1225 3023 tanquam
1256 2940 1326 3002 sine
1350 2939 1432 3020 lege.

482 3045 590 3116 Quum
605 3055 711 3106 tamen
732 3041 822 3105 omni
844 3041 952 3106 studio
966 3040 1186 3104 indesinenter
1201 3053 1377 3104 versaretur
1398 3039 1432 3101 iu

482 3144 554 3226 lege
570 3143 709 3218 Christi;
740 3143 826 3206 undo
848 3165 922 3206 eum
946 3142 1151 3225 perhorrebat
1173 3143 1292 3218 nullus,
1305 3161 1433 3204 reuera-

481 3244 599 3305 bantur
626 3261 748 3315 onraes,
777 3241 907 3322 plurimi
937 3243 1174 3326 sequebantur,
1209 3242 1314 3304 omnis
1342 3252 1432 3317 etas,

481 3339 587 3402 omnis
612 3337 780 3420 professio,
806 3341 913 3404 omnis
937 3340 1081 3404 conditio
1110 3341 1235 3404 utiliter
1261 3340 1431 3404 docentem

480 3436 644 3511 audiebat,
668 3448 700 3500 et
724 3437 880 3501 fatebatur
910 3441 1105 3504 Anselmum.
1148 3441 1224 3505 Rex
1248 3441 1354 3516 etiam,
1376 3441 1433 3524 qui

481 3541 606 3622 Augloa
629 3539 807 3618 subegerat,
830 3541 890 3604 etsi
914 3542 1041 3605 eunetis
1064 3553 1150 3606 esset
1170 3541 1343 3619 formidini,
1365 3553 1433 3606 erat

478 3653 584 3706 umen
601 3641 749 3704 subditus
763 3639 820 3704 illi.
858 3641 1080 3706 confirmabat
1092 3642 1180 3705 enim
1195 3644 1355 3707 Dominus
1369 3663 1433 3708 ser-

479 3761 607 3803 monem
630 3740 700 3823 ejus
722 3743 931 3825 sequentibus
952 3743 1061 3824 signis.
1108 3743 1277 3828 Siquidem
1299 3746 1432 3809 curabat

477 3861 595 3922 regrum
616 3851 649 3904 et
658 3852 769 3905 natura
780 3839 915 3906 cedente
926 3842 1069 3907 Creatori
1080 3855 1207 3908 constat
1217 3866 1289 3909 eum
1301 3866 1431 3910 ourasae

476 3946 649 4027 leprosum.
694 3943 752 4006 Vir
773 3943 890 4008 etenim
914 3944 1034 4008 nobilis
1051 3946 1085 4009 in
1101 3945 1246 4010 confinio
1268 3947 1430 4011 blandriae

476 4055 507 4108 et
525 4043 652 4108 Pontivi
668 4065 707 4107 ea
721 4046 870 4108 laborans
884 4045 1082 4125 infirmitate,
1096 4047 1129 4111 in
1146 4047 1267 4111 risione
1287 4049 1430 4112 monitus

476 4156 536 4222 est,
550 4157 586 4209 ut
600 4147 716 4228 aquam
733 4134 866 4222 biberet,
879 4165 946 4227 qna
959 4148 1130 4212 Anselmus
1145 4149 1314 4212 Beclensis
1328 4149 1429 4213 abbas

474 4247 509 4308 in
525 4247 738 4310 celebratione
761 4245 866 4308 missae
889 4267 1003 4310 manus
1023 4250 1178 4314 abluerat.
1223 4252 1359 4314 Factum
1381 4262 1431 4315 est

474 4347 530 4426 ita,
552 4358 584 4411 et
605 4348 658 4412 ille
681 4347 767 4414 illico
788 4346 950 4412 restitutus
973 4359 1031 4412 est.
1075 4352 1167 4416 Alius
1189 4352 1230 4416 do
1253 4373 1427 4434 cougrega-
