3625 5317
741 808 966 855 anrusrrcns.
1269 798 1334 856 ata

467 960 595 1046 Dogma
609 958 710 1045 pium,
726 960 879 1046 reprobus
895 961 963 1025 haec
978 961 1057 1027 nihil
1072 984 1139 1027 esse
1153 974 1257 1047 putat.

544 1064 637 1138 Quod
651 1083 742 1125 nemo
755 1065 906 1145 aioefide
918 1066 1172 1147 philosophatur.

381 1164 454 1227 Non
472 1164 556 1228 valet
569 1164 690 1249 absque
705 1163 768 1227 fide
783 1163 901 1228 sincere
916 1165 1133 1251 philosophari

470 1264 659 1350 Quisquam,
669 1286 726 1327 nec
735 1264 883 1327 meritum
894 1265 1171 1351 provenitabsque
1180 1264 1253 1330 fide.
1267 1271 1334 1331 atu

383 1366 472 1449 Ergo
486 1364 581 1428 fidem
597 1375 713 1440 servet,
728 1364 783 1450 qni
799 1364 1055 1451 philosophatur,
1071 1384 1220 1453 ametque

471 1464 604 1530 Cultum
621 1465 749 1529 virtutis
763 1479 795 1527 et
810 1464 940 1550 pietatis
953 1488 1046 1550 opus.

383 1571 473 1633 Vana
487 1566 577 1643 fides,
590 1588 725 1652 operum
742 1588 836 1652 quam
854 1588 916 1629 nou
931 1568 1123 1632 monimenta
1136 1566 1262 1652 piorum

468 1669 583 1732 Vivere
598 1682 767 1748 testantur,
782 1689 843 1731 non
856 1668 962 1753 juvat,
976 1668 1074 1732 immo
1088 1682 1191 1732 nocet.

383 1772 474 1845 Quod
484 1771 839 1854 philosophicordincm
851 1771 1019 1835 atmodum
1033 1774 1071 1833 in
1085 1772 1211 1834 cunctis
1221 1772 1330 1851 arrigit.

303 1914 307 1921 -
381 1870 501 1935 Ordine
515 1884 629 1936 cuncta
643 1870 710 1957 geri
727 1870 901 1957 praescribit
920 1870 1126 1958 Philosophia
1266 1877 1329 1935 825

467 1974 512 2036 Et
527 1973 636 2037 statuit
652 1974 775 2037 cunctis
790 1973 885 2040 rebus
898 1973 1000 2037 inesse
1015 1972 1160 2051 modum,

380 2074 501 2140 Ordine
517 2086 632 2139 cuncta
646 2075 750 2152 docet,
766 2098 958 2163 causamque
971 2074 1169 2161 modumque
1183 2072 1309 2159 legendi

467 2176 597 2255 Tradit,
612 2188 643 2241 et
660 2175 692 2239 in
707 2176 829 2242 cunctis
843 2177 968 2241 artibus
982 2175 1067 2240 ordo
1077 2179 1191 2262 placet.

381 2278 452 2342 Hac
467 2276 548 2342 duce
563 2280 666 2363 prima
681 2278 777 2342 rudes
792 2278 911 2345 adeunt
927 2278 1083 2344 elementa
1098 2279 1262 2367 loquendi,

468 2380 614 2445 Provecti
630 2380 783 2465 gradibus
798 2381 949 2467 dogmata
965 2404 1104 2469 quaeque
1118 2381 1240 2467 legunt.
1266 2387 1330 2447 330

382 2482 514 2562 Ordine,
528 2482 610 2569 lege,
625 2482 720 2546 modo
734 2483 895 2569 dispensat
911 2484 1063 2569 dogmata
1078 2484 1242 2571 prudens:

468 2586 588 2650 Contra
602 2584 751 2671 nugifluis
767 2586 830 2662 lex,
846 2586 974 2664 modus,
989 2585 1069 2649 ordo
1085 2586 1177 2672 perit.

385 2684 558 2770 Nugifluus
573 2687 704 2752 verbum
722 2689 787 2752 sine
804 2700 946 2774 ternpore
961 2688 1071 2751 fundit
1084 2687 1223 2773 ineptus,

469 2789 637 2876 Verbaque
651 2789 847 2875 prudentum
863 2789 1015 2873 factaque
1030 2800 1157 2873 tempus
1170 2788 1301 2852 babent.

382 2892 432 2957 Ne
447 2914 549 2973 cures,
564 2889 680 2956 stultus
696 2888 773 2976 quid
790 2889 902 2974 fingat,
919 2889 1039 2975 quidve
1053 2887 1215 2973 loquatur,
1266 2895 1331 2953 335

468 2994 570 3079 Cujus
585 2994 626 3056 ab
642 2991 770 3077 eloquio
786 2990 854 3056 laus
869 2992 929 3055 tibi
945 2990 1032 3054 nulla
1048 2990 1142 3055 venit.

383 3092 414 3158 Si
431 3093 558 3158 laudem
574 3106 696 3179 captas,
711 3093 833 3179 placeat
849 3092 907 3157 tibi
921 3094 986 3172 lex,
1000 3091 1127 3171 modus,
1140 3092 1239 3158 ordo:
1287 3166 1292 3174 ,

470 3194 533 3258 His
547 3194 615 3259 sine
631 3217 692 3259 non
708 3207 814 3260 exstat
828 3194 941 3280 gloria,
959 3195 1009 3260 rel
1023 3196 1129 3260 brevis
1143 3208 1202 3262 est.

382 3296 501 3363 Ordine
516 3310 632 3362 cuncta
646 3299 755 3383 rigent
769 3310 801 3362 et
817 3296 959 3383 gaudent
975 3297 1044 3383 lege
1060 3297 1228 3384 modoque,

470 3400 550 3476 Quae
565 3398 592 3461 si
607 3398 680 3485 quis
695 3397 801 3485 potuit
817 3421 975 3485 spernere,
985 3401 1061 3487 jure
1076 3400 1169 3487 perit.
1267 3405 1330 3464 340

383 3498 545 3563 Coniundi
562 3498 689 3577 meruit,
705 3522 801 3586 quem
817 3499 926 3565 nullus
939 3502 1081 3566 continet
1095 3499 1185 3577 ordo,

470 3599 596 3686 Quique
611 3601 739 3667 modum
756 3600 867 3679 nescit,
882 3601 1007 3690 deperit
1020 3603 1142 3689 absque
1156 3602 1261 3667 modo.

383 3703 485 3780 Quem
500 3704 551 3765 lex
568 3724 629 3767 non
646 3703 785 3780 cohibet,
801 3702 946 3769 dissolvit
960 3702 1055 3790 culpa
1070 3704 1224 3780 solutum,

470 3804 508 3867 ln
525 3803 608 3869 mala
622 3805 812 3891 praecipitat,
828 3806 1090 3892 praecipitemque
1105 3820 1205 3871 necat.

382 3905 470 3970 Ordo
485 3905 526 3969 sit
541 3928 617 3991 ergo
633 3905 725 3972 bonis
739 3907 878 3983 vivendi,
895 3910 1001 3994 sitque
1014 3906 1179 3994 loquendi,
1267 3915 1332 3972 345

467 4008 550 4070 Cum
566 4007 676 4091 lingua
692 4020 830 4071 mentem
847 4007 910 4089 lex,
924 4008 1049 4087 modus,
1064 4008 1145 4073 ordo
1158 4020 1281 4094 regant.

383 4106 530 4172 Forsitan
545 4108 718 4195 inquirent,
735 4122 876 4173 veterum
893 4110 972 4195 quid
989 4112 1108 4197 scripta
1122 4110 1274 4195 repellat;

466 4211 595 4296 Accipe,
610 4210 696 4296 quod
712 4211 790 4277 dicit
805 4212 898 4298 pusio
913 4212 979 4277 sive
995 4213 1172 4299 Tryphon:

519 4314 571 4376 De
587 4334 672 4377 mora
686 4318 870 4397 antiquitate
881 4318 1186 4399 philosophantium.

382 4420 403 4449 ‘⁴
421 4414 489 4476 Cur
505 4413 615 4497 procul
635 4415 760 4479 anobis
775 4416 814 4481 sit
831 4430 959 4501 patrum
976 4428 1061 4480 aecta
1075 4413 1234 4501 priorum,
