3625 5317
487 785 550 848 atu
743 794 878 842 roauuts
893 795 1168 842 sannsaaarnssrs

491 951 714 1016 Cluniaccnsis
736 950 824 1035 apud
847 950 1087 1024 Martiniacum,
1107 947 1228 1013 accidit
1247 957 1285 1012 ut
1306 948 1348 1012 de
1371 971 1457 1031 rege

490 1053 664 1132 Anglorum
698 1053 818 1116 mentio
848 1051 949 1114 fieret.
993 1051 1105 1113 Abbas
1134 1063 1240 1114 autem
1268 1051 1455 1114 assertione

489 1151 637 1232 religiosa
659 1153 768 1216 multis
790 1151 996 1216 audientibus
1018 1150 1147 1232 publico
1170 1161 1365 1234 protestatus
1385 1161 1456 1227 est,

490 1273 523 1314 se
539 1253 700 1334 preterita
712 1273 790 1318 roce
803 1251 922 1316 vidisse
937 1251 1075 1314 eundem
1087 1273 1192 1335 regern
1204 1262 1281 1314 ante
1296 1251 1454 1315 thronum

490 1354 555 1418 Dei
570 1367 754 1418 accusatum
771 1367 804 1420 et
825 1354 1039 1418 damnationis
1058 1354 1225 1437 excepisse
1244 1354 1451 1416 sententiam.

490 1455 647 1520 Mirantur
672 1455 847 1532 audientes,
869 1454 925 1518 scd
952 1475 1051 1538 quum
1077 1454 1282 1517 eminentiam
1308 1453 1451 1516 dicentis

489 1557 669 1635 attendunt,
684 1559 787 1621 verbis
801 1557 872 1641 ejus
887 1555 984 1620 fidem
1000 1577 1066 1618 non
1084 1556 1202 1619 habere
1216 1577 1284 1620 non
1297 1565 1446 1639 possunt.

491 1657 555 1722 Die
567 1657 712 1741 sequenti
728 1657 922 1738 Lugdunum
934 1657 1041 1732 renit3
1064 1669 1097 1720 et
1108 1657 1140 1720 in
1154 1657 1300 1721 kalendis
1308 1657 1448 1738 Augusti

489 1779 588 1842 quum
603 1777 715 1821 omnes
730 1757 941 1840 quiescerent,
952 1777 1030 1820 ecce
1038 1755 1169 1838 juvenis
1183 1767 1297 1820 ornatu
1310 1765 1447 1820 renusto

490 1881 526 1924 ac
551 1857 723 1924 vonerabili
749 1860 837 1922 vultu
863 1858 982 1922 clerico
1006 1859 1062 1941 qui
1080 1871 1154 1921 ante
1172 1858 1289 1921 ostium
1309 1879 1447 1922 camerae

485 1961 618 2046 jacebat
642 1959 748 2025 adbuc
776 1970 812 2024 ut
838 1957 899 2024 sibi
929 1959 1097 2023 videbatur
1123 1960 1259 2040 vigilans
1284 1961 1445 2043 apparuit,

491 2083 610 2126 vocatis
624 2083 697 2126 sum
717 2063 847 2127 uamiue
863 2083 934 2133 suo,
950 2064 970 2095 ‘⁴
983 2059 1117 2137 Adam?
1128 2061 1245 2145 inquit,
1255 2063 1276 2095 “
1286 2058 1446 2124 dormisi”

489 2163 667 2247 respoudit,
691 2161 837 2240 “Non;”
861 2178 893 2228 et
919 2162 1046 2246 adjecit,
1069 2163 1158 2225 “Vis
1182 2162 1293 2225 audire
1318 2160 1446 2225 norai”

491 2262 604 2342 Adara,
619 2266 638 2299 “
652 2265 830 2342 Libenter,”
839 2265 951 2349 inquit.
981 2265 1026 2328 Et
1037 2265 1102 2341 ille,
1113 2264 1134 2298 “
1143 2265 1207 2326 Pro
1216 2276 1303 2328 certo
1317 2263 1447 2328 noveris
1456 2325 1469 2346 ‚

491 2363 750 2442 controuersiam,
761 2385 833 2448 quat
850 2367 1031 2429 vertebatur
1045 2365 1128 2428 inter
1142 2366 1327 2428 Auselmum
1342 2364 1448 2429 archi·

488 2460 677 2545 episcopum
693 2475 726 2526 et
741 2484 845 2544 regem
863 2465 1062 2528 Willelmum
1077 2465 1358 2546 Angtia,0mniuo
1372 2487 1446 2529 esso

490 2563 660 2628 decisam.”
705 2563 755 2628 ud
781 2563 868 2646 quod
894 2564 960 2643 illc,
986 2568 1098 2630 oculos
1122 2567 1257 2647 erigens,
1281 2567 1446 2630 neminem

490 2665 579 2730 uidit.
614 2665 769 2751 Sequenti
784 2687 856 2730 vero
872 2680 968 2730 noete
983 2667 1066 2731 alius
1081 2669 1163 2730 inter
1177 2669 1352 2732 matutinas
1366 2668 1443 2750 vigi·

490 2768 551 2832 lias
568 2769 686 2834 clausis
701 2769 803 2832 oculis
820 2783 908 2833 stans
923 2770 1101 2852 psallebat3
1130 2782 1163 2832 ct
1175 2790 1253 2834 ecce
1267 2767 1398 2854 quidam
1413 2769 1445 2832 ei

492 2869 633 2934 ostendit
654 2869 840 2947 chartulam,
855 2871 888 2934 iu
913 2891 976 2955 qua
992 2872 1146 2954 scriptum
1167 2883 1251 2938 emt:
1278 2874 1367 2937 Obiit
1384 2894 1444 2937 rex

490 2971 681 3035 Willclmus.
726 2970 847 3037 Oculos
872 2984 978 3037 autem
1008 2974 1164 3056 aperiens,
1191 2975 1348 3038 neminem
1377 2976 1444 3038 nisi

490 3073 596 3135 socios
609 3072 697 3138 vidit.
735 3075 780 3137 Et
793 3087 868 3138 tunc
880 3072 1010 3157 quidam
1025 3075 1186 3138 Dominus
1200 3076 1241 3139 de
1255 3097 1330 3156 rege
1344 3076 1444 3160 impio

484 3173 642 3256 judicium
666 3195 757 3238 suum
774 3179 953 3242 terribiliter
970 3187 1223 3261 perpetraverat;
1255 3177 1358 3262 etqui
1373 3180 1443 3242 rix-

490 3283 557 3337 crat
586 3275 769 3350 bestialiter,
799 3279 966 3342 bestialem
1001 3279 1168 3343 invenerat
1202 3280 1325 3342 exitum
1360 3279 1444 3344 vite.

490 3373 689 3437 Tristabatur
706 3377 893 3452 Anselmus3
923 3390 956 3442 et
976 3379 1060 3444 sicut
1074 3381 1202 3444 Samuel
1218 3380 1349 3462 lugebat
1364 3379 1446 3444 Sau-

490 3474 552 3538 lem
576 3473 736 3558 dejectum
759 3477 948 3555 aDomino,
963 3483 1008 3544 sic
1031 3480 1126 3544 istum
1146 3481 1180 3543 in
1203 3503 1237 3544 se
1252 3501 1446 3564 provocasse

491 3575 569 3640 iram
586 3575 728 3652 Domini,
743 3599 881 3643 moerens
898 3581 1066 3645 stantius
1084 3584 1285 3665 querebatur.
1328 3581 1445 3644 Mallet

491 3677 577 3740 euim
592 3678 624 3740 in
636 3679 837 3762 beneplacito
849 3680 982 3744 Domini
994 3683 1131 3766 seipsum
1142 3684 1177 3746 in
1194 3703 1336 3767 corpore,
1348 3703 1445 3767 quana

490 3777 579 3840 illum
596 3780 699 3842 taliter
715 3793 871 3846 mortuum
889 3803 970 3846 esse.
