3625 5317
399 800 471 845 ose.
487 781 556 861 xm]
746 794 988 841 marstoorcus.
1305 783 1346 841 95

399 949 527 1035 cuique,
543 946 620 1012 nihil
635 950 662 1012 ei
678 945 871 1032 relinquitur
885 945 1030 1010 aliorum.
1076 948 1166 1031 Ergo
1180 946 1206 1011 si
1222 946 1349 1011 Aristo·

401 1050 479 1115 teles
494 1072 587 1114 verus
608 1063 669 1127 est,
690 1051 748 1135 qui
770 1050 815 1113 eis
838 1072 905 1113 esse
928 1048 1026 1115 tollit:
1051 1050 1155 1113 inanis
1175 1064 1225 1113 est
1250 1070 1349 1133 opera

398 1152 605 1239 precedentis
619 1151 880 1235 investigationis,
892 1152 924 1217 in
936 1151 1141 1237 inquisitione
1151 1152 1350 1231 substantie,

398 1253 601 1338 quantitatis,
625 1264 682 1315 aut
705 1249 881 1337 qualitatis,
903 1266 961 1316 ant
986 1276 1107 1324 causae3
1138 1274 1241 1339 quum
1263 1252 1350 1316 illius

399 1355 487 1439 quod
503 1375 565 1416 non
588 1365 635 1416 est
658 1351 848 1427 substantia,
865 1366 920 1416 aut
941 1354 1118 1437 quantitas,
1132 1368 1189 1419 aut
1210 1353 1349 1438 qualitas

398 1470 535 1538 nequeat
562 1453 729 1538 assignari:
760 1465 818 1517 aut
848 1475 944 1517 cansa
969 1468 1236 1539 propterquam,
1261 1454 1350 1540 quod

400 1577 461 1619 non
493 1569 552 1631 est,
579 1555 638 1618 boc
667 1567 724 1618 aut
754 1552 832 1617 illud
865 1555 916 1630 sit,
943 1570 999 1619 aut
1028 1569 1167 1633 tautum,
1191 1570 1247 1619 aut
1278 1556 1351 1620 tale.

398 1658 507 1735 Quare
527 1655 570 1719 ab
586 1655 756 1720 Aristotele
778 1656 990 1719 recedendum
1014 1670 1075 1729 est,
1090 1657 1293 1721 concedendo
1315 1671 1350 1721 ut

399 1756 594 1822 universalia
615 1758 691 1830 sint,
715 1769 771 1820 aut
794 1756 1021 1841 refragandum
1042 1758 1257 1843 opinionibus,
1279 1782 1353 1843 quoe

398 1858 511 1923 eadem
531 1859 667 1934 nodbns,
686 1858 893 1936 sermonibus,
914 1859 1117 1921 meabilibus
1138 1860 1241 1933 relus,
1262 1861 1354 1937 ideis,

388 1963 521 2047 feraris,
535 1962 676 2038 naturis,
695 1957 937 2023 collectionibus
950 1972 1147 2045 aggregant;
1170 1982 1272 2046 quum
1289 1960 1353 2025 sin-

399 2061 478 2148 gula
492 2062 607 2125 borram
623 2082 691 2124 esse
706 2082 767 2123 non
784 2059 985 2125 dubitentur.
1030 2062 1096 2135 Qui
1110 2076 1218 2126 autem
1235 2084 1273 2125 ea
1286 2084 1354 2126 esse

401 2164 525 2237 statuit,
539 2162 699 2228 Aristoteli
715 2162 913 2228 adversatur.
960 2167 1032 2228 Nec
1043 2164 1218 2228 verendum
1234 2177 1272 2227 ut
1287 2186 1354 2229 cas·

402 2288 456 2329 sus
471 2265 512 2330 ait
527 2264 716 2341 intellectus,
733 2268 791 2349 qui
805 2286 843 2328 ea
863 2266 1040 2350 perceperit
1053 2288 1194 2329 seorsum
1210 2286 1231 2328 a
1244 2266 1353 2349 singu-

401 2366 531 2444 laribus,
543 2389 644 2453 quum
661 2380 767 2431 tamen
783 2388 802 2429 a
817 2366 1034 2451 singularibus
1049 2389 1189 2431 seorsum
1205 2389 1274 2431 esse
1289 2389 1353 2431 uon

400 2467 533 2554 possint.
573 2468 760 2533 Intellectus
775 2468 857 2532 enim
877 2468 1072 2556 quandoque
1086 2492 1152 2533 rem
1168 2468 1354 2555 simpliciter

402 2570 564 2634 intuetur:
600 2568 688 2632 velut
714 2567 740 2631 si
767 2567 925 2632 bominem
953 2592 1011 2655 per
1037 2593 1070 2633 se
1092 2572 1269 2647 intueatur,
1297 2587 1353 2635 nut

406 2670 556 2757 lapidem,
571 2685 603 2736 et
618 2670 661 2735 ob
677 2671 736 2736 hoc
753 2670 886 2757 simplex
902 2690 966 2737 eat:
987 2672 1183 2759 quandoque
1196 2672 1354 2756 gradatim

404 2773 470 2837 suia
499 2773 617 2837 incedit
648 2773 806 2858 passibus,
835 2789 872 2836 ut
904 2773 930 2835 si
966 2773 1124 2837 bominem
1155 2774 1274 2849 albere,
1303 2772 1354 2837 vel

352 2874 355 2879 ’
403 2895 522 2959 equum
539 2894 666 2937 currere
681 2871 925 2956 contempletur.
963 2874 1010 2936 Et
1024 2871 1076 2935 bic
1090 2872 1221 2957 quidem
1237 2872 1357 2937 dieitur

402 2998 471 3041 esse
495 2974 700 3059 compositus.
751 2974 852 3037 Porro
878 2972 1014 3059 simplex
1036 2995 1102 3036 rem
1124 2972 1286 3037 interdum
1310 2976 1357 3037 in-

402 3076 499 3163 spicit
514 3082 551 3139 ut
565 3083 622 3150 ert,
641 3086 676 3138 ut
692 3074 717 3137 si
738 3072 903 3137 Platonem
927 3074 1087 3141 attendat:
1111 3073 1271 3140 interdum
1294 3076 1356 3141 alio

403 3175 519 3242 modo:
543 3196 628 3239 nuno
642 3174 724 3239 enim
748 3176 980 3261 componendo,
996 3200 1069 3264 quse
1091 3200 1153 3241 non
1173 3191 1248 3243 sunt
1270 3200 1354 3243 com-

402 3280 518 3365 posita,
550 3282 635 3342 nunc
664 3276 888 3355 abstrahendo,
920 3302 994 3366 qnae
1023 3302 1084 3343 non
1121 3294 1253 3366 possunt
1288 3304 1355 3345 esse

401 3380 573 3467 disjuncta.
617 3380 681 3455 Qui
704 3380 787 3444 enim
811 3379 1029 3446 hircocervum
1052 3382 1183 3470 cogitat,
1207 3396 1265 3447 aut
1283 3406 1355 3447 cen·

404 3498 544 3561 taurum,
571 3482 723 3566 ignotam,
749 3494 871 3547 naturae
898 3483 1034 3548 bominis
1059 3484 1101 3548 ad
1125 3486 1272 3565 bestiam,
1296 3497 1355 3548 aut

405 3585 514 3649 bestiae
530 3583 570 3647 ad
590 3584 734 3659 bestiam,
750 3584 1010 3669 compositionem
1029 3585 1188 3671 opinatur.
1235 3584 1355 3670 Atqui

405 3687 530 3762 lineam,
545 3699 601 3750 aut
617 3686 814 3772 superficiem
830 3688 969 3752 attendit
984 3688 1051 3751 sine
1065 3710 1206 3773 corpore,
1221 3688 1355 3751 formam

406 3788 520 3873 utique
550 3786 827 3872 contemplationis
852 3788 947 3852 oculo
970 3812 990 3851 a
1019 3789 1151 3852 materia
1179 3788 1354 3875 disjungit:

406 3910 506 3974 quum
524 3902 628 3953 tamen
645 3888 711 3951 sine
726 3888 972 3953 materiaforma
983 3910 1052 3954 esse
1063 3910 1126 3952 non
1141 3890 1251 3975 possit.
1282 3894 1355 3955 Non

407 4002 510 4053 tamen
526 3989 629 4052 forma
644 3990 710 4052 sine
725 3993 857 4054 materia
872 4013 939 4055 esse
953 3990 1139 4054 abstrahens
1154 3991 1205 4055 bic
1219 3990 1356 4077 concipit

405 4089 586 4155 intellectus
614 4090 818 4176 (compositus
846 4092 930 4154 enim
960 4097 1063 4174 essen)
1090 4092 1145 4157 sed
1171 4093 1357 4179 simpliciter

405 4194 540 4255 alterum
557 4191 624 4254 sine
638 4194 748 4267 altero,
764 4214 865 4277 quum
889 4204 993 4257 tamen
1010 4196 1077 4256 sine
1096 4193 1197 4257 altero
1210 4214 1279 4254 esse
1293 4213 1356 4253 non

406 4293 518 4377 possit,
544 4296 699 4358 intuetur.
745 4298 813 4359 Nec
835 4294 894 4358 hoc
917 4293 1048 4380 quidem
1071 4292 1265 4379 simplicitati
1287 4290 1358 4373 ejus

406 4394 608 4479 prejudicat,
632 4394 685 4459 sed
713 4418 750 4459 eo
776 4396 950 4482 simplicior
979 4410 1039 4470 est,
1065 4418 1131 4479 quo
1155 4393 1356 4476 simpliciora,
