3625 5317
438 768 501 830 346
694 779 1123 828 Joauurssaaasaamausrr

438 931 519 1000 tium
535 929 647 996 indicit
665 929 774 1007 abbas,
790 929 936 994 modesta
953 928 1113 994 sociorum
1127 927 1273 1015 increpat
1287 927 1399 994 multi·

439 1033 532 1110 tado;
562 1043 595 1096 et
617 1031 643 1096 is
664 1053 703 1095 eo
729 1029 893 1117 ardentius
915 1051 1005 1094 more
1028 1030 1198 1096 stultorum
1221 1030 1279 1118 qui
1300 1030 1400 1096 rerba

438 1133 603 1220 sapientire
625 1153 689 1196 non
712 1130 899 1208 admittunt,
915 1142 1062 1198 sanctum
1084 1131 1149 1196 Dei
1171 1132 1314 1197 lacerare
1332 1154 1397 1195 non

439 1247 548 1302 cessat.
596 1234 634 1298 Io
660 1232 709 1298 hia
731 1231 836 1298 verbio
861 1245 967 1319 coepto
988 1232 1096 1298 itineri
1118 1245 1327 1320 properanter
1348 1232 1401 1298 in·

440 1337 565 1418 sistens,
588 1335 620 1400 in
644 1334 826 1400 frondosam
848 1355 1003 1422 quercum
1026 1334 1116 1399 silvae
1138 1357 1315 1423 perquam
1338 1335 1401 1398 iter

441 1449 510 1504 erat
534 1437 741 1504 vehementer
762 1436 896 1502 offendit
903 1461 913 1514 ;
939 1447 975 1503 et
1002 1459 1042 1500 ex
1065 1459 1150 1524 equo
1174 1437 1400 1523 procumbens,

443 1562 506 1606 uno
520 1539 675 1606 statilium
690 1539 806 1624 pedam
821 1537 939 1625 equitis
960 1536 1085 1602 firmius
1100 1537 1278 1617 retinente3
1300 1559 1401 1624 equo-

441 1663 504 1728 que
527 1639 648 1715 territo,
671 1637 795 1703 tamdiu
817 1637 880 1702 huc
902 1648 936 1703 et
956 1637 1035 1703 illuc
1056 1648 1177 1704 tractus
1197 1651 1248 1704 est
1268 1649 1303 1704 et
1323 1660 1402 1704 oon·

443 1763 564 1823 cursus,
578 1754 613 1804 ut
635 1739 701 1806 fere
717 1738 879 1804 videretur
899 1737 1107 1804 novissimum
1129 1739 1277 1825 spiritum
1299 1739 1402 1804 exha-

443 1842 535 1910 tarsa.
580 1841 730 1907 Tandem
754 1862 829 1906 vero
851 1840 944 1906 sociis
967 1839 1102 1906 Beatam
1118 1841 1288 1925 Virginem
1310 1841 1403 1907 invo-

443 1945 600 2025 cantibus,
621 1942 868 2030 comprehensus
890 1953 939 2008 est
960 1964 1081 2028 equus3
1117 1955 1152 2008 et
1172 1942 1225 2007 rix
1244 1942 1402 2028 inspirans

444 2045 542 2112 miser
556 2045 689 2110 edoctus
710 2056 759 2112 est
779 2067 911 2132 parcere
932 2045 1043 2110 amicis
1064 2045 1141 2122 Dei,
1155 2067 1259 2132 quum
1273 2066 1403 2129 magnae

446 2147 636 2214 temeritatis
650 2147 690 2214 ait
704 2147 802 2212 etiam
817 2147 858 2212 de
873 2169 963 2212 cerro
978 2146 1084 2214 alieno
1098 2147 1182 2212 terre
1196 2147 1402 2212 sententiam.

448 2493 528 2577 Cap.
550 2499 600 2557 14.
625 2495 794 2558 chricus
808 2513 865 2557 ren
880 2493 1012 2578 Anpliae
1027 2495 1243 2561 amicabiliter
1257 2499 1403 2562 dotari

490 2594 673 2662 Ametinum
711 2596 984 2678 archiepiscopum
1013 2599 1050 2660 in
1079 2599 1131 2661 dic
1161 2600 1404 2682 Asrunrptionia

491 2699 609 2763 Beutae
617 2698 845 2782 Marioeapud
854 2697 992 2761 Bcccum
1007 2700 1192 2763 molium
1220 2700 1404 2780 Decio-ico,

492 2802 689 2864 alienatione
719 2803 834 2863 manlia
862 2818 944 2863 auae.
994 2799 1048 2863 De
1077 2801 1159 2864 bello
1186 2804 1274 2865 inter
1302 2824 1405 2884 regem

492 2903 676 2966 Hernicum
706 2902 837 2981 atriplice
865 2906 896 2963 et
923 2904 1069 2984 fratrem
1105 2921 1203 2964 auum
1232 2903 1407 2967 liebertum

492 3006 634 3067 comitam
650 3001 881 3067 Narmonnioe.
927 3004 1102 3066 Ancetmua
1116 3005 1248 3086 scripsit
1263 3005 1407 3068 libellum

494 3109 532 3168 in
562 3106 682 3186 Aaplia
712 3105 751 3168 dc
779 3105 949 3168 concordia
983 3106 1209 3186 prescientia,
1235 3108 1409 3188 predesti-

495 3208 650 3283 nationis,
665 3211 697 3267 et
715 3206 832 3287 pratia
856 3205 932 3280 Dei,
947 3225 1019 3268 cum
1043 3207 1139 3270 litero
1162 3205 1306 3272 arbitrio.
1357 3209 1412 3274 De

499 3305 623 3368 Thomu
639 3305 835 3368 Edorccerrai
850 3305 956 3368 alecto.

496 3457 622 3520 Ruunt
644 3473 701 3518 rex
725 3450 885 3516 Henricus
907 3451 942 3516 in
966 3452 1219 3534 Norroanniam;
1248 3465 1283 3519 et
1304 3454 1337 3518 in
1359 3476 1411 3520 aa·

454 3553 635 3642 sumptione
666 3553 778 3620 Beatoe
809 3552 953 3639 Virginis
987 3553 1105 3619 Mariae
1134 3554 1410 3641 archiepiscopum

456 3656 554 3722 Becci
590 3654 802 3722 amicabiliter
831 3652 978 3720 visitavit.
1040 3653 1101 3719 llio
1129 3653 1233 3719 ferme
1265 3665 1412 3741 tempore

455 3755 611 3842 capellam
627 3757 725 3822 curiae
740 3777 835 3842 preca
856 3754 981 3820 abbatia
999 3754 1293 3843 archiepiscopique
1311 3757 1413 3822 Roto-

455 3856 614 3942 magensis
646 3857 753 3921 lavore
789 3856 951 3922 dedicavit
981 3857 1175 3936 Anaelmus;
1211 3873 1245 3924 et
1273 3857 1306 3922 in
1343 3859 1414 3944 ipsa

456 3958 656 4025 dedicatione
679 3958 831 4024 clericum
855 3957 1048 4025 alienatione
1071 3959 1190 4024 mentis
1212 3959 1413 4025 laborantem

455 4061 680 4128 benedictione
695 4060 761 4128 sola
776 4061 918 4146 pristinae
934 4060 1074 4126 restituit
1088 4061 1226 4129 sanitati.
1273 4061 1340 4136 Qui
1354 4083 1415 4147 pro

459 4163 532 4230 Deo
547 4164 620 4230 exul
635 4177 669 4229 et
683 4161 885 4228 contumeliis
900 4161 1032 4228 affectus
1053 4161 1174 4228 diutina
1194 4163 1287 4228 sedes
1302 4163 1417 4228 circuit

458 4266 588 4342 alienas,
616 4266 743 4347 exinde,
766 4274 801 4328 ut
826 4265 951 4350 justum
977 4276 1037 4344 cst,
1060 4264 1133 4329 Deo
1163 4265 1205 4330 de
1228 4264 1416 4332 hominibus

459 4366 687 4452 triumphante,
704 4367 745 4431 ad
759 4387 848 4432 suam
864 4385 939 4430 cum
958 4364 1078 4432 honore
1093 4375 1127 4432 et
1136 4364 1238 4450 gloria
1253 4366 1416 4432 remearit.
