3625 5317
446 745 511 810 85⁰
704 760 842 810 Joaeurs
859 758 1136 811 sanmasrsasrs

443 923 482 979 ut
495 912 632 978 voluerit
645 912 827 999 impleamur.
871 913 994 978 Verum
1010 914 1036 980 si
1051 912 1171 992 mallet,
1187 917 1400 1001 quaestionem

443 1015 487 1079 de
501 1013 624 1099 origine
637 1013 766 1094 animae,
781 1035 879 1101 quam
894 1014 927 1079 in
948 1027 1058 1080 mente
1072 1015 1176 1094 volvo,
1190 1017 1309 1084 vellem
1324 1033 1400 1085 ante

444 1113 567 1181 obitum
583 1135 692 1180 meum
707 1115 848 1182 fideliter
862 1115 1015 1182 absolvi.”
1060 1115 1131 1180 Nec
1145 1116 1269 1205 aliquid
1283 1120 1401 1185 doloris

443 1215 604 1284 sentiebat
618 1217 651 1282 in
674 1239 827 1305 oorpore3
848 1231 883 1284 et
895 1221 938 1284 ob
961 1219 1021 1286 boc
1041 1219 1217 1287 lacessente
1237 1223 1401 1288 stomacho

444 1319 549 1385 varim
562 1320 745 1386 deficiebat.
789 1322 989 1409 vesperante
1003 1322 1078 1387 dein
1094 1323 1189 1388 tertia
1203 1324 1282 1388 feria
1296 1347 1400 1412 quam

444 1420 497 1486 vix
512 1422 582 1508 jam
598 1423 695 1488 rerba
709 1423 871 1500 formaret,
887 1435 1016 1508 rogatus
1029 1447 1050 1489 a
1068 1424 1239 1511 Radulpbo
1256 1425 1401 1492 Roffensi

444 1523 595 1611 episcopo
622 1535 657 1589 at
683 1524 734 1590 bis
761 1524 817 1612 qni
845 1525 990 1604 aderant,
1015 1527 1110 1612 Regi,
1132 1525 1263 1612 reginae,
1289 1529 1398 1595 liberis

444 1647 557 1692 eorum
572 1637 607 1691 ct
619 1626 755 1692 subditis
764 1627 913 1692 omnibus
924 1628 1105 1706 benedixit;
1121 1641 1154 1692 et
1168 1649 1233 1710 eos,
1242 1639 1400 1716 quantum

444 1727 486 1793 ad
501 1749 535 1792 ss
552 1727 744 1814 pertinebat,
761 1727 905 1793 absolvit
952 1727 1124 1794 Matutinis
1138 1729 1288 1795 lendibus
1302 1731 1404 1797 inter·

444 1841 538 1896 erant
552 1830 665 1896 fratres
676 1830 821 1896 ecclesian
838 1829 1028 1908 Salvatoris;
1043 1841 1077 1896 ct
1092 1853 1175 1896 unus
1189 1831 1405 1900 assistentium

444 1930 492 1998 illi
507 1931 684 2018 passionem
708 1931 913 1997 Dominicam
933 1931 1103 1998 inchoavit
1150 1933 1217 1998 Ubi
1232 1956 1310 1999 vero
1323 1958 1402 2000 ven·

444 2046 515 2101 tum
541 2045 592 2101 cst
612 2035 654 2102 ad
676 2035 775 2102 verba
797 2034 930 2100 Domini
951 2035 1041 2112 Jesu,
1070 2040 1127 2102 Vos
1149 2037 1233 2114 catis,
1255 2040 1311 2124 qai
1327 2061 1401 2125 per·

446 2140 605 2206 sumeris
625 2163 740 2205 mamm
760 2141 795 2204 ia
818 2139 1072 2226 temptationibus
1086 2141 1181 2204 mee:
1204 2151 1235 2204 et
1254 2163 1312 2227 eqo
1334 2143 1397 2207 dis·

438 2262 525 2328 pono
546 2241 643 2319 vota,
659 2244 743 2308 sicut
763 2242 919 2328 disposuit
940 2241 1017 2305 milri
1032 2253 1129 2327 pater
1150 2263 1232 2306 mesas
1253 2263 1397 2329 reputem

442 2353 479 2407 ut
493 2343 595 2408 edatis
608 2354 640 2408 ct
654 2343 772 2408 bibatis
789 2367 882 2430 saper
895 2367 1027 2409 mensem
1048 2366 1144 2408 meum
1159 2346 1193 2408 in
1206 2367 1301 2430 repca
1318 2369 1398 2410 mco:

446 2447 541 2527 [Luc.
557 2442 631 2508 axii.
646 2445 718 2525 28]
766 2441 903 2507 Lectius
924 2441 1017 2507 solito
1039 2441 1184 2528 spiritum
1209 2444 1349 2524 trahens,
1365 2455 1397 2510 et

443 2543 501 2610 lini
522 2545 591 2632 jem
617 2541 790 2633 proximus,
815 2543 849 2607 in
873 2543 982 2609 cinere
1008 2557 1042 2611 et
1068 2543 1172 2610 cilicio
1197 2545 1317 2632 positus
1341 2559 1397 2612 est.

445 2647 607 2715 Adunatis
621 2669 749 2736 quoque
764 2645 914 2713 iratribus
929 2645 1014 2712 circa
1032 2669 1118 2724 eum,
1134 2659 1291 2734 quantum
1308 2647 1399 2714 dolor

442 2759 478 2816 et
490 2750 655 2816 lachrimas
669 2749 909 2837 permittebant,
923 2747 1117 2814 obdormivit
1131 2748 1164 2812 io
1182 2748 1331 2814 Domino
1383 2783 1386 2792 =

488 2851 632 2920 Transiit
657 2863 765 2917 autem
792 2849 997 2916 illucescente
1023 2871 1137 2916 aurora
1161 2863 1287 2938 quartae
1311 2851 1397 2916 lesia

444 2955 580 3022 Coenam
612 2954 746 3020 Domini
776 2952 997 3041 precedentis,
1027 2973 1102 3038 quae
1130 2964 1199 3018 erat
1226 2953 1397 3019 undecimo

444 3055 609 3124 Kalendas
635 3057 729 3140 Maii,
754 3079 839 3123 anno
862 3055 1012 3122 videlicet
1035 3054 1217 3120 Dominiosc
1244 3055 1396 3122 Incama·

441 3159 538 3224 tionis
552 3159 723 3225 millesimo
738 3160 913 3225 centesimo
924 3179 1020 3236 nono,
1031 3158 1087 3245 qui
1103 3157 1164 3224 luit
1178 3179 1281 3223 annus
1296 3158 1398 3244 ponti·

442 3261 555 3326 licatns
583 3257 668 3325 sslius
698 3261 842 3326 decimus
870 3275 987 3341 sextus,
1010 3260 1086 3326 vitea
1114 3281 1243 3348 quoque
1269 3273 1397 3346 septua-

441 3360 582 3449 gesimus
596 3372 714 3426 sextus.
760 3361 852 3426 Felix
871 3364 1022 3449 transitus
1037 3373 1071 3428 ct
1084 3361 1223 3448 gloriosa
1237 3360 1400 3427 subvectio

441 3466 669 3535 miraculorum
681 3463 807 3530 indiciis
816 3465 1011 3544 declaratum
1027 3477 1062 3530 ct
1075 3463 1273 3530 sanctissima
1284 3463 1398 3530 merita

441 3568 628 3636 confessoris
638 3589 679 3634 ex
689 3566 788 3653 signis
798 3565 843 3631 ibi
855 3565 1033 3652 conspicuis
1044 3565 1172 3652 publica
1184 3566 1397 3630 innotescunt.

442 3672 653 3740 venerabiles
688 3672 846 3760 siquidem
884 3671 954 3749 viri,
991 3683 1187 3737 memoratus
1233 3669 1399 3757 spiscopus

444 3773 613 3852 Rotlensis,
629 3785 663 3839 et
684 3775 878 3853 Baldwinus,
893 3795 992 3862 quem
1007 3774 1056 3841 vir
1070 3785 1209 3855 sanctus,
1224 3785 1261 3838 ut
1275 3773 1397 3839 dictum

440 3889 500 3961 est,
521 3898 628 3943 rcrum
649 3897 779 3943 suarum
802 3899 1006 3944 oeconomum
1031 3877 1162 3959 lecerat,
1180 3875 1308 3942 modico
1332 3874 1400 3940 bal-

439 4005 530 4055 tamo
550 3980 637 4070 quod
657 3980 836 4048 habebatur
855 3981 969 4048 faciem
993 4003 1116 4047 sacram
1139 3980 1294 4064 inungere
1319 3989 1400 4044 sata·

440 4085 570 4171 gabant.
631 4085 807 4173 Episcopus
835 4107 913 4170 ergo
943 4085 1003 4150 boc
1032 4083 1217 4170 expleturus
1247 4079 1397 4161 officium,

440 4187 577 4274 digitum
598 4189 649 4254 vix
675 4187 847 4254 intinctum
870 4209 997 4253 summo
1012 4197 1105 4252 tenus
1127 4187 1169 4251 de
1195 4183 1296 4249 fiendo
1320 4181 1400 4250 vasis

439 4300 635 4368 extraxerat3
657 4302 690 4355 et
703 4289 882 4356 balsamum
898 4289 987 4356 videt
1000 4289 1132 4355 omnino
1147 4287 1314 4370 deiecisse,
1324 4305 1397 4354 uuae

439 4395 654 4481 negligentius
679 4393 847 4461 custodito.
892 4392 1036 4460 Vexatur
1061 4393 1127 4476 ille,
1150 4403 1183 4458 at
1206 4411 1318 4457 omnes
1342 4383 1397 4478 qui
