3625 5317
416 800 487 847 cre.
505 785 554 865 x.]
775 802 1018 849 usrsroorcns.
1310 789 1367 849 ltt

416 950 639 1038 multipliciter
663 950 794 1029 dicitur,
817 965 849 1017 et
871 965 1005 1039 propter
1031 953 1102 1032 hoc,
1126 950 1215 1018 aliud
1237 950 1369 1035 quidem

414 1051 544 1128 fabum,
567 1050 656 1116 aliud
682 1065 790 1117 autem
818 1074 948 1118 verum:
982 1053 1140 1139 posterius
1160 1053 1244 1119 euim
1266 1051 1370 1117 diviso

415 1155 585 1228 incertum,
601 1152 627 1217 si
642 1165 675 1219 et
689 1153 722 1217 in
739 1153 896 1240 principio
913 1156 1126 1241 conspexerit,
1140 1154 1286 1220 dubium.
1333 1155 1368 1219 Si

414 1266 523 1319 autem
549 1274 613 1319 non
639 1254 996 1340 previderitdubium,
1020 1256 1131 1321 sedin
1157 1256 1292 1323 alterum
1320 1279 1368 1321 re·

415 1353 552 1440 spiciens
573 1355 728 1441 posuerit,
743 1355 916 1421 dicendum
940 1356 980 1420 ad
1003 1380 1089 1438 eum,
1103 1358 1160 1443 qni
1179 1358 1211 1423 in
1232 1358 1368 1423 alterum

416 1454 519 1528 ducit,
544 1456 694 1543 quoniam
716 1479 779 1523 non
802 1458 843 1523 ad
867 1458 928 1523 boc
950 1459 1119 1544 inspiciens
1140 1459 1226 1539 dedi,
1248 1458 1305 1525 sed
1327 1459 1368 1525 ad

418 1556 557 1621 alterum
571 1578 699 1621 eorunm
724 1580 796 1622 nam
818 1558 966 1645 pluribus
985 1558 1207 1636 existentibus,
1221 1580 1296 1645 quse
1309 1559 1369 1625 aab

417 1656 531 1723 eodem
547 1658 685 1738 nomine,
700 1657 751 1723 nel
774 1658 834 1725 sub
854 1657 966 1723 eadem
979 1661 1123 1723 oratione
1141 1670 1230 1735 sunt,
1243 1658 1370 1723 facilius

419 1772 468 1825 ast
490 1758 662 1827 dubitatio.
709 1759 742 1825 Si
757 1781 833 1825 vero
853 1758 987 1845 planum
1010 1772 1051 1824 nt
1070 1773 1104 1825 et
1123 1758 1257 1845 simplex
1278 1759 1368 1845 quod

418 1859 647 1943 interrogatur,
668 1872 726 1925 ant
749 1859 806 1938 sic,
828 1874 885 1926 ant
909 1881 985 1935 non,
1010 1859 1276 1946 respondendum.
1321 1862 1369 1927 Ut

417 1959 500 2025 enim
530 1974 581 2026 est
609 1960 696 2046 apud
723 1960 900 2045 Agellium,
925 1962 983 2044 qui
1010 1964 1047 2027 in
1076 1963 1195 2027 talibus
1219 1964 1298 2045 plus
1321 1964 1372 2027 nal

417 2065 529 2127 minus
542 2062 721 2144 respondet,
734 2082 833 2144 quam
853 2068 1026 2144 maceratur
1038 2063 1080 2126 ab
1091 2082 1137 2140 eo,
1152 2066 1272 2128 lineam
1286 2072 1370 2129 rocta

415 2164 611 2246 disputandi
632 2168 775 2245 ignorat,
798 2170 857 2229 out
878 2165 1070 2229 dissimulat.
1122 2163 1288 2249 Siquidem
1309 2166 1367 2249 qui

416 2275 476 2327 aut
501 2262 716 2349 multiloquio,
741 2276 800 2329 aut
828 2263 964 2329 distorta
988 2265 1190 2351 responsione
1213 2264 1367 2351 collegam

417 2364 564 2450 impedit,
580 2387 642 2429 non
658 2368 753 2433 ruodo
773 2388 890 2454 pravus
909 2367 1023 2444 socius,
1038 2367 1094 2431 aed
1114 2367 1280 2433 manifeste
1294 2390 1368 2454 pro·

419 2478 529 2529 tersus
550 2478 617 2539 est;
640 2469 818 2553 presertim
833 2466 858 2533 si
874 2488 937 2531 non
961 2466 1081 2533 babens
1102 2467 1296 2545 instantiam,
1310 2467 1367 2532 ad·

418 2565 522 2629 missis
536 2566 791 2652 particularibus,
801 2566 991 2633 contradicit
1004 2567 1188 2635 rmiversali:
1213 2590 1284 2631 nam
1301 2568 1368 2633 sine

417 2667 569 2733 instantia
587 2690 660 2754 quae
682 2668 738 2745 sic,
754 2668 804 2733 vel
819 2668 977 2744 videatur,
993 2669 1161 2753 probibere
1181 2669 1367 2748 orationem,

417 2769 594 2854 protervire
622 2782 682 2837 est.
728 2770 760 2835 Si
791 2792 868 2856 ergo
897 2769 930 2833 in
956 2770 1066 2835 multis
1093 2782 1278 2855 apparente,
1303 2791 1366 2835 nou

415 2869 541 2937 dederit
578 2872 811 2951 universaliter,
847 2871 905 2957 qui
941 2892 1005 2936 non
1042 2870 1139 2935 babet
1174 2870 1368 2951 instantiam,

415 2970 617 3037 manifestum
641 2970 792 3057 quoniam
815 2969 983 3058 protervit,
998 2969 1058 3034 uisi
1077 2969 1161 3033 forte
1182 2980 1294 3033 contre
1313 2969 1368 3034 ha·

417 3073 495 3139 bent
524 3070 753 3156 argumentari,
781 3069 932 3157 qnoniam
969 3092 1032 3135 non
1063 3091 1172 3135 nerum
1201 3083 1250 3134 est
1280 3072 1367 3157 quod

412 3176 560 3240 infertur.
605 3172 767 3258 Siquidem
790 3175 816 3238 si
836 3193 1032 3259 consequens
1050 3171 1164 3237 falsum
1187 3184 1247 3255 est,
1260 3172 1365 3260 palam

416 3288 466 3343 est
488 3275 638 3361 quoniam
661 3296 701 3339 ex
724 3274 986 3342 antecedentibus
1008 3274 1091 3339 veris
1115 3297 1177 3339 non
1200 3278 1363 3362 provenit:

414 3398 488 3445 nam
503 3400 543 3441 ex
557 3398 632 3441 reru
654 3399 817 3464 nunquam
840 3375 966 3458 falsum,
977 3398 1040 3460 pro
1059 3398 1095 3441 an
1116 3379 1201 3460 qnod
1219 3382 1368 3445 veritatis

415 3483 540 3563 integer
560 3482 666 3555 sinna
681 3500 740 3544 nac
757 3483 849 3564 parit
871 3500 930 3545 nac
950 3481 1013 3543 alit
1033 3480 1246 3544 mewlactunr.
1292 3481 1366 3545 Non

416 3594 521 3647 umen
543 3580 657 3649 sufficit
679 3580 711 3645 in
734 3581 929 3647 contrarium
950 3581 1185 3665 argumentari3
1218 3604 1257 3644 eo
1277 3582 1366 3668 quod

416 3680 510 3767 plura
538 3682 698 3749 contraria
727 3682 942 3768 opinionibus,
967 3681 1156 3767 plerumque
1180 3680 1274 3746 facile
1303 3704 1365 3747 non

416 3782 597 3861 solvuntur,
614 3782 776 3847 hincinde
791 3781 1041 3847 colluctantibus
1055 3783 1268 3865 argumentis:
1293 3806 1366 3849 nam

417 3882 507 3945 Zeno
521 3882 609 3966 quod
626 3904 688 3946 non
704 3882 859 3967 contingit
876 3880 1007 3960 moveri,
1022 3902 1126 3967 neque
1140 3882 1280 3947 stadium
1295 3906 1366 3970 per-

415 3981 560 4058 transire,
590 3995 621 4047 ct
652 3982 864 4068 Empedocles
890 3982 933 4045 ab
956 3982 1090 4048 adverso
1114 3988 1221 4049 omnia
1246 3987 1365 4049 moveri

414 4081 587 4147 contendit.
634 4080 698 4146 sed
724 4104 898 4167 paucorum
922 4082 1043 4167 opinio,
1066 4087 1242 4168 presertim
1266 4106 1364 4169 quarn

414 4182 593 4249 firmissima
613 4183 695 4249 ratio
717 4206 780 4249 non
804 4182 1031 4271 munitaeque
1052 4186 1166 4263 firmae,
1180 4198 1213 4249 et
1232 4206 1366 4251 commu

414 4288 501 4351 niori
525 4286 667 4372 opinioni
693 4307 756 4351 non
782 4286 926 4370 derogat.
973 4288 1089 4373 Itaque
1114 4303 1282 4373 protervus
1306 4300 1366 4367 cst,

413 4389 471 4472 qui
498 4388 530 4451 in
556 4385 685 4459 talibus,
713 4408 769 4449 nec
797 4384 959 4463 instantia,
985 4406 1041 4447 nec
1068 4383 1233 4447 contrariis
1262 4383 1365 4449 utitur
