3625 5317
647 815 725 862 vrm
741 817 855 863 sanent
871 816 1028 863 ananum.
1250 796 1311 859 ott

352 969 435 1054 Cap.
456 974 504 1032 12.
527 967 698 1031 Antelmua
716 971 852 1050 quiescit
871 972 910 1032 in
931 970 1121 1057 monasterio
1141 989 1222 1030 cusu
1245 965 1310 1028 Dei

394 1079 535 1151 tempore
545 1071 645 1150 primi
659 1073 760 1133 esitii.
805 1071 1006 1152 Desulgure
1020 1070 1212 1155 etsutmine.
1256 1066 1311 1129 Dc

395 1176 495 1233 morte
516 1172 602 1250 regio
629 1171 777 1234 Willelmi
799 1171 848 1233 11.
886 1172 940 1234 Dc
960 1191 1032 1251 roge
1054 1169 1214 1234 Hemico.
1257 1166 1311 1228 De

395 1292 495 1334 causo
510 1291 643 1334 coenoso
658 1293 764 1334 cor-am
777 1293 866 1353 popo
881 1273 1051 1337 Puschole.
1097 1271 1150 1334 Dc
1162 1269 1310 1332 libertate

389 1373 525 1436 ecclesio
543 1371 667 1436 Christi
684 1372 945 1436 Cantauriensis.

394 1557 488 1620 Exin
510 1567 585 1640 post
606 1556 744 1620 triduum
767 1577 867 1641 quum
889 1553 1041 1619 inritatus
1064 1555 1312 1640 honorificeque·

354 1669 524 1741 susceptus
539 1658 571 1720 in
587 1660 661 1720 loco
677 1657 859 1732 venerabili,
876 1659 928 1722 cui
944 1657 1028 1721 Casa
1040 1656 1102 1720 Dei
1116 1678 1235 1720 nomen
1250 1667 1309 1734 est,

355 1757 396 1821 de
409 1768 506 1822 nocte
526 1758 722 1841 quiesceret3
748 1768 940 1840 tempestate
960 1758 1070 1820 crebra
1092 1778 1150 1839 por
1167 1771 1308 1819 montem

353 1859 480 1940 fulgura
504 1859 645 1934 volitant,
667 1870 700 1922 et
725 1860 866 1922 maximo
888 1859 1030 1923 fulminis
1051 1859 1119 1922 ictu
1137 1869 1171 1920 et
1191 1871 1308 1920 terrore

353 1959 498 2022 horribili
514 1980 610 2043 super
624 1959 765 2037 domum,
781 1959 813 2022 in
829 1981 892 2043 qua
912 1961 1033 2023 soenum
1047 1959 1231 2022 monasterii
1246 1979 1309 2021 ser·-

354 2062 499 2140 vabetur,
515 2061 687 2142 plurimum
707 2061 792 2143 ignis
814 2061 994 2124 effundunt.
1039 2061 1163 2123 l'icinae
1180 2059 1311 2142 corripi-

355 2172 452 2224 untur
467 2161 563 2239 aedes,
579 2171 612 2224 et
634 2163 791 2225 horreret
813 2163 974 2244 strepitus,
989 2161 1080 2225 foetet
1098 2162 1203 2223 fumus
1217 2171 1308 2232 teter,

355 2261 483 2324 flamma
509 2261 622 2324 lucens
659 2263 770 2325 terruit
800 2263 963 2325 universos
994 2274 1027 2325 ct
1054 2261 1096 2324 ad
1126 2260 1210 2323 varia
1238 2261 1311 2322 loca

356 2358 514 2442 dispersit.
560 2358 706 2424 Audiens
720 2373 826 2424 autem
846 2374 936 2444 pater
950 2361 1121 2424 Anselmus
1139 2359 1311 2422 invaluisse

354 2459 557 2538 incendinm3
581 2463 601 2494 “
612 2459 732 2538 vobis,”
746 2463 861 2546 iuquit,
876 2463 896 2495 “
909 2462 1133 2546 provideamus
1142 2483 1153 2537 ;

461 2582 533 2636 Nam
545 2587 590 2636 lue
601 2601 643 2636 res
654 2586 750 2651 egitur,
761 2585 846 2655 paries
858 2601 938 2652 quum
950 2584 1082 2654 proximus
1093 2581 1202 2643 ardet;'’

356 2717 564 2780 egressusque
594 2697 689 2760 citius
717 2696 806 2757 veuit
840 2695 882 2757 ad
911 2695 1030 2772 ignem,
1057 2693 1152 2775 cique
1182 2693 1309 2774 signnm

356 2796 492 2860 vivificae
508 2795 613 2858 crucis
628 2795 787 2877 apposnit.
819 2794 948 2856 Corruit
962 2815 1036 2874 ergo
1050 2794 1145 2873 ignis,
1162 2795 1309 2878 ipsasque

357 2918 438 2981 quas
463 2896 620 2958 invaserat
645 2896 802 2974 languens
831 2895 960 2977 reliquit
988 2893 1118 2957 domos:
1152 2906 1194 2970 et,
1220 2896 1309 2978 quod

357 2997 460 3076 magis
481 2995 595 3059 mirum
618 3005 676 3074 est,
691 2995 884 3080 quibusdam
901 2996 934 3056 in
954 2996 1090 3058 circuitu
1110 2998 1310 3079 consumptis

357 3095 507 3161 domibus
528 3098 574 3159 nil
596 3097 738 3161 laesionis
761 3098 865 3160 attulit
885 3098 974 3160 foeno
997 3097 1235 3175 monachornm,
1254 3099 1310 3180 qui

356 3199 458 3262 virum
470 3198 534 3260 Dei
546 3199 708 3262 habebant
722 3198 891 3280 hospitem.
923 3199 994 3260 Nec
1007 3220 1104 3275 mora,
1116 3197 1312 3278 Lugdunum

356 3319 502 3362 resersus
524 3301 659 3362 nuncios
685 3299 805 3380 recepit
832 3300 872 3362 nb
899 3300 1017 3380 Anglia
1040 3302 1122 3380 regis
1146 3301 1310 3364 interitum

357 3399 566 3474 nuntiantem
602 3409 634 3462 et
662 3399 823 3483 quomodo
851 3421 964 3464 manus
987 3402 1119 3464 Domini
1144 3404 1312 3482 gloriosam

358 3501 445 3564 illum
468 3500 612 3564 ecclesiae
635 3522 700 3565 suae
723 3513 911 3565 exercuerat
932 3503 1098 3564 ultionem.
1143 3503 1312 3585 Siquidem

359 3599 500 3664 secunda
533 3601 585 3665 die
618 3603 737 3666 mensis
768 3603 918 3683 Augusti,
948 3625 1020 3686 qure
1055 3615 1131 3684 post
1158 3602 1312 3664 visionem

358 3699 510 3782 Lugduni
535 3703 653 3766 saetam
680 3703 798 3780 illuxit,
825 3703 909 3766 idern
937 3724 994 3764 rex
1021 3703 1053 3765 in
1080 3703 1213 3785 sylvam,
1238 3723 1312 3786 ques

360 3800 453 3864 Nove
469 3801 598 3864 Foresta
616 3819 744 3867 vocatur
764 3806 804 3866 ab
820 3804 946 3881 incolis,
961 3814 1109 3868 renatum
1130 3826 1223 3867 mane
1239 3825 1312 3888 pro·

357 3901 461 3964 sectus
477 3912 545 3975 est;
571 3901 680 3984 ibique
694 3903 728 3964 in
744 3905 842 3964 latere
858 3903 1004 3983 sagittam
1025 3902 1202 3987 excipiens,
1217 3900 1313 3965 corde

359 4001 502 4064 sauciato
512 4000 618 4063 emisit
626 4001 769 4084 spiritum
781 4023 881 4065 suum.
907 4001 960 4064 Sic
977 4003 1023 4066 sic
1041 4005 1181 4086 patiente
1191 4002 1313 4064 Basilio

358 4101 445 4166 letali
460 4101 526 4165 telo
541 4101 581 4164 ad
602 4102 854 4165 consolationem
873 4104 1020 4166 ecclesiae
1035 4105 1200 4187 perimitur
1212 4099 1233 4163 J
1237 4103 1313 4165 ulia·

359 4224 440 4274 nns;
465 4213 498 4265 et
513 4204 611 4266 altero
625 4203 646 4266 J
650 4202 755 4265 uliano
771 4215 936 4286 perempto
952 4205 987 4267 in
1001 4205 1128 4286 Anglia,
1144 4204 1184 4268 ad
1200 4224 1314 4267 conso·

359 4303 510 4366 lationem
532 4305 689 4368 Ecclesiae
712 4316 879 4368 revocatur
896 4306 1077 4369 Anselmus.
1122 4306 1201 4381 Quis
1221 4307 1312 4369 alter-

361 4416 464 4468 utrum
477 4403 599 4468 miserit
611 4406 718 4484 telum,
728 4403 833 4468 adbuc
845 4405 998 4468 incertum
1009 4420 1057 4469 est
1067 4405 1207 4489 quidem.
1232 4407 1319 4472 Nam
