3625 5317
412 834 568 913 cauam]
796 836 1038 898 asarmoarc'us.
1303 836 1360 897 101

413 1003 569 1079 attendat,
593 1002 847 1088 praecedentibus
865 1002 943 1068 nihil
968 1004 1076 1068 obest:
1105 1000 1228 1066 sivero
1245 1002 1365 1069 discre-

413 1103 528 1167 tionem
551 1104 679 1191 quaerit‚
694 1105 776 1170 lorte
790 1127 853 1168 non
871 1105 973 1191 palam
990 1118 1058 1179 est;
1090 1105 1178 1191 quod
1194 1104 1362 1173 discernat.

412 1205 1360 1295 Regulariterproditumest,quinDemonstratio,primnm;

412 1306 534 1383 relatio,
551 1308 718 1372 secundam
736 1310 815 1375 facit
830 1310 1053 1395 cognitionem.
1097 1313 1197 1374 Porro
1211 1310 1363 1396 cognitio,

412 1428 488 1482 rem,
505 1424 664 1495 quatenus
685 1411 783 1487 novit,
799 1411 871 1488 sibi,
894 1411 1032 1496 quadam
1055 1415 1169 1477 mentia
1188 1413 1363 1498 capacitate

410 1509 576 1588 deliniens,
591 1512 834 1577 circumscribit.
881 1514 930 1577 Ut
946 1536 1002 1577 nec
1022 1514 1135 1599 prima,
1151 1536 1209 1577 nec
1224 1518 1364 1578 secunda

411 1613 511 1696 possit
523 1614 694 1699 procedere
709 1614 860 1698 cognitio,
872 1616 898 1677 si
914 1636 964 1677 res
975 1636 1207 1701 usquequaque
1217 1630 1364 1680 occurrat

410 1714 517 1777 animo
547 1714 681 1778 infinita.
727 1716 839 1779 Omnis
868 1716 952 1778 enim
983 1715 1126 1795 scientia,
1157 1716 1224 1780 sive
1252 1716 1367 1780 notitia

410 1816 744 1892 creaturae,finitaest:
766 1816 977 1881 soliusautem
988 1814 1367 1902 Dei‚quoniaminlinitus

411 1931 471 1994 est,
488 1917 618 1983 scientia
633 1918 776 1982 infinita:
804 1942 862 1983 suo
877 1931 983 1983 tamen
1006 1919 1080 1993 line,
1096 1917 1216 1983 scilicet
1230 1918 1366 2001 infinito,

412 2020 589 2105 quamlibet
605 2020 739 2097 infinita,
754 2020 928 2085 certissime
950 2023 1076 2105 diffinit,
1092 2034 1125 2085 et
1146 2020 1367 2086 immensitatis

412 2145 480 2185 suae
491 2122 632 2199 scientia,
646 2136 678 2186 et
694 2122 858 2209 sapientia,
870 2123 963 2207 cujus
974 2146 1137 2201 numerus,
1148 2140 1205 2187 aut
1217 2122 1289 2187 finis
1305 2145 1368 2187 non

412 2237 471 2304 est,
486 2227 723 2289 circumscribit.
765 2225 828 2289 Sed
844 2248 901 2289 nos
917 2224 1085 2289 modulum
1101 2225 1277 2289 humanum
1293 2246 1369 2310 pro·

413 2327 653 2413 sequimur‚qui
663 2350 725 2391 non
734 2328 953 2413 primam,non
965 2326 1147 2402 secundam,
1156 2350 1217 2391 non
1227 2327 1367 2403 tertiam,

413 2429 467 2493 sed
485 2451 541 2493 nec
555 2430 694 2516 aliquam
709 2430 752 2493 rei
769 2430 914 2508 infinitae,
928 2430 984 2495 nisi
1002 2444 1162 2517 quatenus
1176 2430 1298 2516 ignota,
1309 2444 1365 2494 aut

414 2532 538 2595 infinita
563 2545 621 2609 est,
646 2532 703 2597 sibi
732 2532 871 2597 scientiae
893 2533 1029 2619 gloriam
1053 2532 1211 2597 vendicat.
1255 2533 1369 2596 Omnis

413 2633 522 2719 itaque
541 2631 650 2714 dictio,
664 2658 738 2721 quae
761 2635 1012 2700 demonstrative
1028 2649 1084 2699 aut
1106 2634 1236 2699 relative
1252 2634 1370 2719 signifi-

413 2750 476 2815 cat,
491 2750 548 2801 aut
569 2759 631 2800 nnn
656 2738 731 2801 satis
754 2736 882 2821 proprie
902 2736 1046 2821 ponitur,
1061 2749 1117 2799 aut
1141 2748 1242 2813 certo,
1257 2749 1289 2799 et
1312 2758 1371 2800 sua

417 2839 537 2902 ratione
553 2839 697 2915 delinito,
713 2838 863 2901 innititur
883 2837 1048 2921 subjecto;
1075 2835 1216 2920 alioquin
1233 2856 1292 2898 auo
1306 2837 1372 2922 pri-

414 2944 579 3004 vabuntur
593 2937 715 3002 officio:
744 2960 844 3024 quum
862 2937 944 3001 ratio
965 2936 1156 3019 cognitionis
1169 2936 1372 3001 certitudinis

413 3040 509 3103 linem
526 3052 663 3125 quaerat,
678 3054 734 3104 aut
752 3053 868 3104 teneat.
914 3040 1081 3123 Frequens
1098 3049 1201 3100 tamen
1217 3049 1264 3100 est
1281 3061 1371 3104 usur·

414 3140 517 3227 patio,
528 3156 559 3205 et
572 3140 754 3205 illicitorum
769 3164 807 3206 cx
818 3164 913 3206 causa
923 3138 1168 3214 commoditatis,
1180 3140 1371 3229 plerumque

411 3244 534 3309 multus
547 3260 593 3309 est
608 3266 693 3309 usus.
717 3244 915 3309 Admittitur
924 3244 1032 3329 itaque
1042 3264 1104 3305 non
1117 3243 1213 3309 modo
1223 3245 1263 3307 ad
1274 3245 1369 3309 cavil-

412 3345 559 3411 lationem
573 3368 695 3423 eorum,
709 3346 877 3433 quibusda
892 3346 1007 3433 quavis
1023 3345 1153 3409 materia
1169 3347 1246 3411 satis
1258 3360 1307 3412 est
1318 3371 1373 3431 og,

408 3453 556 3533 garrire:
579 3449 632 3513 sed
644 3448 737 3513 etiam
748 3449 788 3513 ad
799 3449 1013 3525 statuendam,
1025 3448 1055 3512 in
1067 3448 1271 3514 auditoribus
1280 3450 1373 3515 bonoe

412 3552 497 3629 fidei,
520 3552 584 3615 veri
608 3550 862 3637 intelligentiam,
877 3555 957 3635 quia
972 3554 1075 3615 omnis
1097 3554 1186 3615 honio
1201 3554 1311 3634 diligit
1330 3575 1374 3637 sc,

428 3653 522 3732 Quod
533 3656 559 3718 si
574 3676 614 3716 ex
630 3652 769 3718 relatirae
785 3652 931 3717 dictionis
946 3653 1140 3740 proprietate
1155 3652 1318 3734 discutias,
1329 3656 1375 3718 in-

411 3777 552 3840 congrue
564 3754 686 3819 dictum
703 3754 786 3819 forte
802 3755 992 3834 causaberis,
1003 3769 1035 3818 et
1051 3753 1183 3818 salsum:
1209 3755 1372 3841 siquidem

413 3882 472 3922 nec
482 3862 585 3921 omrris
594 3880 715 3921 anserem
724 3856 1090 3941 diiigit‚uecaliquisest
1102 3856 1159 3941 qui
1166 3856 1321 3941 diligatur
1331 3860 1372 3924 ab

412 3959 510 4036 omni,
531 3976 567 4022 ut
594 3958 658 4022 sive
679 3957 853 4034 collective,
873 3962 939 4021 sive
960 3957 1165 4022 distributive
1180 3958 1373 4045 accipiatur,

414 4060 503 4147 quod
517 4059 638 4125 dictum
653 4072 712 4139 est,
722 4060 836 4136 omnis,
848 4081 1022 4144 pronomen
1037 4059 1217 4138 relativum,
1228 4082 1273 4140 se,
1285 4062 1374 4146 quod

412 4160 633 4248 subjungitur,
641 4184 697 4225 nec
706 4161 903 4226 universitati
912 4161 1130 4247 singulorum
1143 4162 1375 4225 rrecalicuiom·

413 4263 513 4340 nium,
532 4263 685 4327 veraciter
701 4275 842 4349 aptatur.
867 4264 927 4327 Est
943 4263 1053 4349 itaque
1069 4261 1232 4325 licentiosa
1249 4261 1373 4342 relatio,

409 4380 441 4429 ct
467 4366 559 4451 quasi
579 4364 657 4451 legis
672 4388 740 4429 suae
756 4366 847 4429 venia
868 4364 1052 4451 impetrata,
1067 4361 1165 4425 fidem
1188 4361 1375 4426 universalis

413 4466 455 4531 de
479 4466 688 4553 singularium
708 4470 842 4533 veritate
858 4466 1026 4530 convincit.
1074 4462 1231 4539 Quoniam
1247 4462 1376 4531 enimin
