3625 5317
479 776 543 834 282
747 786 882 831 solutus
897 782 1175 828 sanssnsnrnusts
1251 761 1357 840 [secr.
1374 780 1430 824 vn.

480 954 527 1005 est
566 940 668 1004 forma
698 940 765 1001 sine
798 936 941 1001 materia
1000 932 1184 997 Dorotheus
1219 944 1430 995 astronomus.

482 1040 599 1104 Omnia
617 1039 659 1102 ab
679 1054 797 1102 aeterno
810 1038 844 1099 in
865 1038 936 1099 Deo
956 1056 1099 1097 connexa
1119 1054 1218 1097 unum
1238 1046 1334 1104 aunt3
1358 1044 1429 1094 actu

483 1144 695 1226 ternplum
727 1140 811 1201 inter
840 1160 872 1199 se
897 1134 1025 1199 diversa
1050 1147 1136 1209 sunt,
1164 1133 1240 1220 quia
1265 1132 1431 1217 pluralitas

480 1262 602 1317 eorum,
634 1261 708 1326 quae
736 1236 917 1301 communia
944 1247 1032 1314 sunt,
1056 1235 1098 1298 ab
1128 1233 1251 1297 unitate
1275 1232 1332 1296 illa
1356 1255 1430 1318 qua

483 1343 573 1405 Deus
595 1358 643 1406 est
665 1338 837 1405 descendit.
887 1338 1090 1423 Augustinus
1116 1358 1191 1405 vero
1218 1337 1253 1399 in
1282 1334 1367 1399 libro
1390 1333 1430 1397 de

481 1441 626 1528 quinque
655 1438 830 1505 baeresibus
853 1437 932 1501 dicit
963 1436 1052 1521 quod
1079 1440 1217 1502 Hermes
1246 1435 1429 1498 Mercurius

481 1543 591 1607 scribit
616 1542 732 1608 librum
759 1540 814 1625 qui
846 1538 1046 1622 logostelios
1068 1552 1213 1601 vocatur.
1270 1536 1428 1621 Magnum

482 1668 595 1710 nomen
618 1644 702 1723 libri,
714 1644 792 1728 quia
805 1640 846 1705 de
861 1660 977 1723 magno
997 1639 1137 1725 scriptus
1155 1653 1215 1703 est.
1260 1641 1430 1715 Dominus,

481 1746 598 1831 inquit,
620 1758 653 1809 et
678 1743 780 1808 l'nctor
804 1743 948 1804 omnium
973 1740 1126 1812 deorum3
1153 1738 1330 1803 secundum
1355 1737 1429 1802 fecit

481 1846 676 1917 Dominum
700 1842 786 1906 bunc
807 1840 881 1904 fecit
903 1840 1046 1925 primum
1066 1851 1099 1902 et
1123 1839 1225 1902 solnm
1252 1854 1283 1901 et
1306 1860 1426 1909 unumt

479 1948 583 2012 boatu
599 1947 629 2009 ei
645 1945 731 2007 visus
749 1956 809 2021 est,
822 1954 855 2005 et
878 1939 1077 2027 plenissimus
1096 1944 1239 2003 omnium
1260 1940 1427 2003 bonorum.

481 2048 569 2113 Huic
597 2044 767 2110 concordat
803 2042 969 2107 Johannes
997 2040 1192 2126 evangelista
1227 2040 1347 2117 dicens,
1379 2044 1428 2105 De

478 2148 675 2236 plenitudine
704 2148 774 2231 ejus
802 2167 860 2210 nos
888 2166 999 2207 omnes
1025 2143 1216 2228 accepimus.
1272 2142 1364 2206 Idem
1394 2142 1425 2205 in

477 2249 586 2314 eodem
610 2250 641 2313 in
665 2248 746 2311 libro
767 2247 863 2321 alibi;
896 2246 999 2310 Filius
1025 2246 1191 2310 Benedicti
1213 2260 1311 2331 atque
1334 2245 1425 2309 boum

477 2350 660 2423 voluntatis,
677 2372 771 2433 quem
793 2348 907 2411 dilexit
928 2362 1090 2433 tamquam
1115 2347 1315 2434 unigenitum
1330 2368 1423 2411 suum

477 2452 570 2537 cujus
608 2472 720 2513 nomen
757 2450 898 2513 humano
934 2473 989 2512 ore
1031 2471 1092 2513 non
1135 2463 1239 2533 potest
1275 2449 1424 2513 enarrari.

479 2552 694 2638 Augustinus,
709 2557 736 2617 A
752 2565 784 2616 te
798 2572 861 2614 non
882 2564 985 2635 potest
1007 2553 1145 2623 narrari;
1169 2552 1226 2637 qui
1242 2572 1304 2614 non
1320 2549 1425 2627 horno,

476 2656 530 2720 sed
562 2657 651 2719 Deus
679 2654 720 2718 ab
749 2652 931 2718 bominibus
959 2653 1134 2717 aestimaris.
1189 2652 1256 2716 Ubi
1289 2654 1425 2716 Hermes

476 2757 561 2823 dicet
583 2758 795 2843 unigenitum,
810 2756 968 2821 convincit
986 2755 1182 2831 hereticum,
1196 2756 1254 2840 qui
1268 2756 1366 2819 dicit:
1392 2754 1424 2819 si

477 2861 567 2924 Deus
595 2858 771 2924 delectatus
799 2870 847 2922 est
876 2858 980 2931 Filio;
1018 2857 1158 2942 indiguit
1192 2858 1360 2943 conjugi03
1400 2858 1425 2921 si

475 2960 600 3025 horruit
614 2960 818 3046 conjugium
841 2958 928 3023 solus
942 2972 991 3022 est
1011 2958 1078 3020 sine
1097 2956 1190 3020 Filio.
1235 2960 1423 3031 Quaeramus

473 3082 551 3145 ergo
587 3059 736 3146 lapidem,
773 3080 840 3145 quo
876 3058 958 3144 lapis
993 3060 1211 3143 percutiatur3
1257 3079 1424 3141 percussus

473 3176 653 3247 quassetur,
668 3174 836 3245 quassatus
847 3162 1091 3223 comminuatur.
1138 3158 1286 3242 Increpat
1302 3171 1334 3223 et
1349 3182 1421 3223 eum

474 3260 597 3345 Sibylla
613 3260 731 3340 dicens,
752 3262 916 3344 Cognosce
939 3261 1113 3325 Dominum
1136 3256 1197 3323 Dei
1219 3258 1321 3325 filium
1344 3284 1421 3336 esse,

471 3360 576 3448 ipsum
599 3374 630 3425 et
653 3382 714 3423 non
737 3359 847 3441 alium,
869 3384 932 3425 non
957 3363 1108 3439 Martem,
1126 3383 1187 3425 non
1210 3362 1337 3440 «Iovem,
1360 3384 1421 3427 non

473 3462 682 3540 Mercurium,
700 3460 755 3525 sed
772 3485 867 3548 quem
882 3465 1054 3529 confitetur
1071 3464 1263 3540 Mercurius,
1277 3478 1310 3527 et
1326 3487 1420 3550 quem

471 3568 630 3633 demones
640 3566 775 3631 credunt
786 3581 818 3630 et
829 3564 1076 3630 contremiscunt
1088 3579 1120 3630 et
1131 3564 1254 3645 dicunt,
1264 3566 1420 3631 Novimus

472 3670 558 3756 quod
574 3674 616 3735 sis
631 3668 716 3734 lilius
732 3669 812 3734 Dei:
834 3690 893 3731 cur
910 3668 1021 3731 venisti
1036 3682 1110 3731 ante
1131 3681 1257 3753 tempus
1271 3680 1419 3752 torquere

471 3774 553 3835 nos?
581 3774 789 3853 Augustinus.
828 3770 927 3847 Quid,
944 3767 1136 3847 Christiane,
1151 3769 1275 3833 miraris
1290 3770 1419 3855 quando

471 3871 582 3937 talium
606 3870 820 3935 testimonium
844 3871 884 3935 de
906 3874 1002 3937 Patre
1023 3883 1055 3934 et
1079 3870 1163 3934 Filio
1188 3870 1305 3936 audis?
1343 3873 1419 3935 Par·

467 3974 610 4041 menides
636 3995 764 4059 quoque
787 3972 876 4046 dicit,
901 3976 993 4037 Deus
1018 3988 1065 4039 est
1092 3974 1144 4037 cui
1171 3996 1238 4037 esse
1262 3972 1418 4060 quidlibet

469 4077 555 4165 quod
572 4092 618 4141 est
632 4097 698 4139 esse
713 4096 805 4137 omne
825 4074 856 4138 id
878 4075 965 4160 quod
987 4087 1044 4139 est.
1091 4075 1173 4139 Item
1190 4074 1283 4139 idem.
1330 4079 1419 4140 Deus

468 4194 515 4245 est
546 4180 669 4244 unitas:
699 4175 740 4241 ab
766 4180 888 4241 unitate
913 4177 1059 4262 gignitur
1083 4177 1215 4242 unitatis
1241 4176 1416 4264 equalitas.

466 4285 631 4347 Connexio
646 4302 720 4343 vero
742 4278 782 4341 ab
805 4277 927 4342 unitate
941 4293 973 4342 et
989 4279 1121 4344 unitatis
1143 4278 1327 4365 aequalitate
1345 4300 1416 4365 pro·

464 4384 557 4447 cedit.
599 4382 685 4446 Hinc
701 4381 802 4465 igitur
819 4380 1040 4463 Augustinus:
1066 4382 1168 4443 Omne
1183 4396 1266 4446 recte
1281 4378 1416 4446 intuenti
