3625 5317
422 803 493 849 car.
508 783 605 863 xvia]
770 798 1013 845 uarauoorcus.
1331 785 1371 840 ta

423 951 611 1017 inventionis
622 950 749 1014 nomina
761 951 918 1026 universa,
932 950 1028 1014 credo
1040 948 1080 1013 ad
1093 946 1199 1012 omnia
1210 947 1376 1012 commoda

423 1078 517 1141 posse
538 1050 714 1130 transferri,
731 1053 788 1119 etsi
812 1053 853 1116 ad
878 1075 973 1117 usum
996 1050 1275 1137 transsumptionis
1293 1051 1375 1114 sicut

421 1154 628 1240 generaliora,
645 1154 690 1219 ita
704 1154 922 1219 commodiora
937 1155 1010 1219 sint.
1057 1152 1120 1219 Sed
1136 1153 1212 1237 quia
1226 1152 1377 1237 frequens

423 1268 481 1329 est,
499 1254 620 1340 aliquid
637 1268 727 1319 extra
739 1254 882 1338 regulam
900 1253 1047 1330 inveniri,
1058 1254 1118 1317 erit
1133 1256 1265 1318 fortasse
1275 1251 1377 1326 aliter,

425 1379 518 1443 quarn
529 1356 648 1422 dictum
659 1357 712 1432 sit,
721 1357 840 1422 alicubi
853 1355 1000 1432 inveniri,
1012 1377 1068 1421 seu
1078 1355 1165 1442 quod
1178 1353 1376 1442 propositum

425 1470 485 1536 est,
501 1482 577 1523 usus
592 1460 727 1523 obtinet.
766 1460 848 1523 Nam
865 1472 897 1523 et
914 1482 952 1523 ea
968 1457 1168 1533 vicissitudo,
1183 1480 1257 1543 quar
1272 1478 1377 1519 rerum

425 1571 473 1622 est
503 1558 543 1621 ad
574 1581 743 1635 sermones,
774 1582 1023 1644 sermonumque
1056 1558 1097 1621 ad
1127 1581 1187 1636 res,
1217 1580 1290 1641 quae
1320 1556 1380 1620 sibi

425 1659 572 1739 invicem,
597 1660 689 1744 quasi
719 1659 887 1724 collatione
916 1673 1043 1733 mutua,
1070 1682 1143 1722 suas
1172 1658 1381 1743 proprietates

426 1761 624 1836 attribuunt,
648 1759 844 1825 translativis
867 1761 1078 1836 sermonibus,
1101 1780 1199 1845 qnam
1221 1758 1281 1834 his,
1302 1781 1382 1844 quos

427 1860 591 1925 institutio
606 1858 794 1923 secundaria
815 1856 1045 1945 promulgavit,
1066 1858 1266 1943 frequentius
1283 1859 1383 1944 expli-

427 1973 529 2026 catur.
547 1961 775 2045 Begulaeenim
786 1959 985 2023 universitati
995 1960 1129 2025 fortasse
1138 1982 1228 2025 casus
1239 1959 1381 2045 derogat.

431 2062 493 2127 Sed
515 2084 572 2126 nos
594 2082 689 2124 usum
712 2060 888 2146 loquimur.
933 2065 1017 2127 Haec
1037 2060 1147 2147 itaque
1166 2062 1383 2127 translationis

431 2164 488 2244 vis,
503 2162 580 2227 dum
597 2162 807 2239 sermonibus,
821 2162 911 2248 quod
928 2186 1034 2227 rerum
1051 2176 1110 2243 est,
1124 2175 1157 2227 et
1172 2164 1277 2240 rebus,
1293 2165 1381 2249 quod

431 2287 610 2331 sermonum
646 2278 706 2340 est,
741 2265 884 2345 ascribit,
914 2264 1078 2350 quandam
1114 2264 1265 2351 loquendi
1300 2267 1382 2352 parit

431 2367 692 2432 indifferentiam:
719 2390 794 2451 quae
810 2367 890 2432 sicut
916 2367 1110 2453 compendio
1124 2368 1186 2443 sui,
1202 2369 1384 2454 compositis

430 2468 564 2555 ingeniis
575 2467 716 2555 prodest,
726 2468 769 2531 sio
782 2466 955 2532 indiscreta
965 2467 1146 2546 confundit,
1155 2481 1187 2532 et
1199 2469 1383 2554 prosternit,

431 2570 539 2655 eisque
556 2569 654 2634 totius
673 2572 818 2635 veritatis
833 2568 1003 2656 praecludit
1023 2568 1272 2653 intelligentiam.
1318 2575 1383 2635 Ne·

433 2694 517 2735 cesse
532 2674 615 2735 enim
631 2684 679 2735 est
694 2671 735 2747 ei,
752 2670 809 2755 qui
825 2671 864 2735 ad
881 2670 1029 2735 notitiam
1045 2671 1188 2735 veritatis
1202 2670 1332 2756 aspirat,
1347 2684 1384 2736 ut

432 2772 607 2858 composito
626 2771 805 2859 perpendat
822 2772 964 2855 ingenio,
981 2772 1060 2857 quid
1077 2771 1152 2834 velit
1170 2771 1274 2834 dicere
1289 2771 1384 2835 etiam

434 2874 489 2961 qui
505 2874 663 2939 balbutit:
689 2895 759 2935 narn
776 2884 808 2936 et
823 2871 849 2933 is
865 2872 1038 2956 saepissime
1053 2893 1163 2934 verum
1178 2870 1268 2934 dicit.

487 3054 566 3136 Cap.
586 3057 635 3115 17.
661 3052 754 3125 Quod
768 3059 798 3113 et
814 3052 850 3113 in
864 3056 988 3133 poetica
1003 3060 1157 3118 naturum
1172 3056 1335 3117 imitatur.

480 3185 523 3249 In
552 3182 622 3246 aliis
647 3205 777 3269 quoque
807 3196 955 3248 naturam
985 3185 1193 3271 grammatica
1221 3185 1385 3252 imitatur:

434 3301 596 3372 praecepto
624 3284 707 3348 enim
738 3286 884 3370 poeticae,
911 3299 1056 3351 naturam
1087 3310 1211 3352 morum
1242 3302 1389 3375 patenter

436 3386 631 3474 exprimunt,
647 3385 846 3471 exiguntque
862 3400 898 3452 ut
914 3388 992 3453 artis
1006 3389 1115 3475 opifex
1129 3402 1282 3475 sequatur
1295 3404 1388 3455 uatu-

436 3510 515 3553 ram.
546 3490 679 3552 Formot
693 3492 775 3552 enim
789 3498 910 3553 nutura
922 3494 1018 3572 prius
1031 3513 1090 3554 nos
1104 3496 1196 3556 intus
1209 3494 1253 3555 od
1265 3513 1389 3556 cmnern

429 3592 646 3675 fortunarum
669 3591 834 3666 lubitum
861 3594 972 3672 juvat,
994 3601 1056 3657 aut
1077 3597 1211 3676 impellit
1229 3596 1274 3657 ad
1294 3597 1389 3670 iram,

438 3698 498 3755 aut
513 3694 550 3753 in
564 3692 699 3753 burrum
719 3710 849 3755 moerore
860 3694 960 3772 gram
980 3694 1119 3769 dedunt,
1135 3698 1295 3776 clangit:
1316 3703 1391 3777 post

437 3792 529 3878 effert
558 3793 655 3855 animi
685 3804 785 3855 motus
813 3794 983 3877 interprete
1012 3794 1128 3879 linquo.
1184 3794 1234 3858 Eo
1259 3795 1390 3880 quidem

440 3893 520 3969 haec,
545 3906 581 3957 ut
606 3916 625 3956 a
648 3904 771 3957 naturae
799 3891 942 3978 vestigiis
967 3907 1062 3980 poeta
1086 3917 1148 3960 non
1174 3896 1310 3976 recedat,
1336 3896 1390 3961 sed

440 3992 564 4070 babitu,
587 4006 619 4059 et
645 4006 752 4079 gestu,
778 3995 853 4057 item
880 3993 987 4070 verbo,
1014 3994 1044 4059 ei
1070 4010 1139 4060 toto
1165 3999 1237 4061 nisu
1264 3996 1391 4061 studeat

439 4094 607 4158 cohaercre.
656 4099 694 4159 Si
709 4099 758 4159 uis
772 4096 919 4181 maflare,
934 4098 1105 4160 mendum
1120 4107 1167 4162 eat
1177 4102 1318 4181 primum
1331 4100 1393 4179 ipsi

441 4196 520 4260 tibi:
546 4193 580 4259 Si
595 4195 746 4280 gaudere,
763 4194 863 4281 prius,
879 4196 1099 4281 gaudendum,
1113 4198 1253 4283 alioquin
1269 4201 1352 4262 maie
1365 4200 1394 4259 si

440 4298 595 4362 mundato
608 4300 754 4379 loqueris,
766 4306 825 4361 cut
836 4298 1020 4373 dormitabo,
1033 4305 1093 4361 out
1104 4300 1220 4360 ridebo.
1253 4295 1302 4359 Ad
1315 4295 1394 4375 lraec,

440 4417 500 4458 non
524 4396 620 4460 modo
642 4395 761 4480 pedum
785 4408 840 4459 aut
864 4409 1043 4479 temporum
1067 4393 1112 4457 ibi
1139 4392 1221 4456 ratio
1247 4392 1393 4458 habenda
