3625 5317
623 799 701 844 vrrs
717 797 833 846 ssucrr
850 799 980 846 raons
995 801 1161 849 cassura.
1307 790 1371 850 86⁶

417 951 647 1034 sponsionibus
670 965 846 1037 promptus,
863 954 973 1037 justus
996 954 1030 1016 iu
1047 953 1190 1037 judiciis,
1205 967 1238 1019 et
1259 977 1367 1039 persn-

417 1072 529 1115 uarum
552 1072 682 1135 prorsus
704 1053 893 1137 acceptione
917 1052 1067 1132 deducta,
1083 1053 1165 1138 juris
1184 1075 1242 1138 per
1261 1058 1370 1121 omnia

418 1153 613 1216 rectissimus
627 1166 789 1217 executor.
834 1155 901 1218 Sub
917 1155 1084 1218 honestate
1100 1156 1232 1220 restium
1249 1157 1369 1223 Christi

417 1253 560 1330 militem,
583 1274 624 1316 ue
646 1255 756 1318 merita
779 1275 861 1318 rana
882 1257 984 1336 gloria
1005 1257 1172 1335 minueret,
1193 1257 1369 1322 studiosius

417 1356 617 1418 occultabat:
650 1365 685 1417 ut
707 1354 805 1437 juxta
830 1355 987 1436 sapientis
1011 1355 1153 1420 edictum
1183 1358 1270 1423 lrous
1299 1358 1369 1442 ejus

419 1457 604 1520 conveniret
618 1457 755 1540 populo:
774 1477 872 1540 quum
888 1456 976 1520 intus
987 1469 1095 1520 esseut
1105 1459 1168 1521 sere
1179 1460 1288 1523 omnia
1302 1459 1366 1523 dis·

417 1555 543 1618 similia.
589 1556 659 1618 Nec
677 1555 708 1616 in
726 1555 877 1638 palatium
896 1554 937 1618 ad
961 1576 1103 1619 mensam
1118 1556 1368 1636 ingrediebatur,

418 1657 481 1719 nisi
496 1657 690 1740 pauperibus
705 1654 922 1738 praeinductis,
933 1667 965 1718 et
980 1656 1022 1719 ad
1037 1654 1099 1720 huc
1115 1656 1214 1721 ditius
1228 1670 1261 1720 et
1275 1660 1368 1722 reser-

418 1755 482 1820 tius
498 1757 658 1819 nobilitari
678 1777 821 1819 mensam
837 1758 945 1832 voluit,
965 1769 1001 1819 ut
1021 1778 1061 1819 ex
1082 1757 1226 1840 reliquiis
1241 1759 1369 1842 plenius

417 1867 451 1919 et
465 1856 584 1937 gratius
598 1859 815 1921 consolaretur
835 1879 965 1940 egenos.
1010 1857 1161 1920 Ostiatim
1183 1856 1369 1921 mendican-

417 1957 496 2020 tium
512 1957 619 2020 nullus
634 1959 675 2020 ab
691 1957 760 2041 ejus
772 1958 880 2042 januis
891 1977 1011 2020 vacuus
1025 1956 1128 2020 rediit
1158 1957 1257 2021 Lares
1267 1979 1366 2040 aegro·

418 2077 486 2120 rum
510 2069 541 2121 et
564 2055 717 2120 debilium
732 2079 790 2142 per
810 2079 884 2122 suos
908 2058 1092 2138 diligentius
1114 2061 1322 2137 scrutabatur,
1335 2072 1369 2122 et

419 2156 585 2222 beneficiis
601 2159 761 2236 visitabat,
775 2159 1028 2243 quamplurimos
1049 2179 1156 2222 eorum
1179 2159 1368 2243 quotidiano

418 2259 505 2322 victu
529 2260 708 2342 vestituque
733 2271 925 2323 sustentans.
976 2258 1082 2330 Quum
1106 2259 1191 2322 enim
1217 2260 1279 2343 piae
1302 2281 1366 2323 me·

418 2359 528 2422 moriae
547 2359 756 2424 Tbeobaldus
777 2359 994 2443 praedecessor
1014 2359 1117 2442 ipsius
1138 2370 1272 2424 statutas
1287 2381 1366 2444 prm·

418 2459 622 2524 decessonrm
647 2483 774 2524 suorum
801 2463 1022 2544 eleemosynas
1047 2460 1211 2546 duplicare
1234 2483 1368 2526 cousue-

419 2561 507 2639 rerit,
532 2562 585 2624 bic
613 2563 760 2644 religiosa
786 2563 988 2626 emulatione
1013 2563 1109 2626 etiam
1135 2561 1270 2646 duplum
1299 2563 1368 2645 ejus

419 2663 543 2726 censuit
572 2662 815 2746 duplicandum.
860 2664 913 2724 Ad
942 2663 1035 2744 cujus
1060 2663 1107 2744 pii
1132 2664 1237 2744 operis
1260 2665 1368 2728 obser·

418 2763 569 2836 santiam,
592 2763 745 2837 omnium,
772 2783 843 2844 qum
867 2783 911 2824 ex
935 2781 1126 2844 quocunque
1148 2762 1240 2825 titulo
1262 2765 1367 2847 perci·

418 2862 536 2945 plebat,
566 2861 706 2924 decimas
732 2862 939 2925 consecrarit.
992 2861 1030 2923 Iu
1061 2863 1222 2925 secretiori
1252 2865 1369 2927 cellula

419 2962 570 3026 tredecim
586 2984 760 3047 pauperum
784 2963 885 3046 pedes
907 2963 1046 3026 curratis
1068 2963 1203 3044 genibus
1224 2964 1367 3047 quotidie

418 3065 580 3142 abluebat,
602 3066 633 3127 iu
658 3064 842 3126 memoriam
865 3062 986 3125 Christi
1008 3062 1143 3144 singulis
1164 3084 1273 3128 eorum
1295 3076 1368 3147 post

417 3167 545 3250 plenam
575 3165 780 3230 resectionem
811 3163 993 3228 victualium
1030 3174 1166 3248 quatuor
1199 3177 1368 3248 argenteos

418 3264 565 3348 largiens.
610 3265 706 3339 Quod
735 3266 763 3328 si
793 3265 873 3328 forte
901 3265 1075 3348 aliquando
1105 3285 1174 3328 raro
1199 3275 1306 3332 tamen
1332 3269 1367 3331 in

418 3367 547 3448 propria
575 3387 710 3450 persona
739 3385 848 3446 gerere
876 3366 1113 3448 prohibebatur,
1139 3366 1201 3429 hoc
1231 3367 1366 3450 diligen·

418 3465 539 3528 tissime
568 3487 627 3549 per
655 3465 806 3528 vicarium
837 3465 979 3529 faciebat
1006 3466 1142 3548 impleri.
1186 3467 1368 3548 Religiosos

417 3565 501 3628 viros
523 3576 611 3628 tanta
632 3567 809 3629 reverentia
831 3566 1027 3647 excipiebat,
1041 3579 1077 3628 ut
1098 3564 1186 3628 credi
1208 3580 1318 3648 posset
1332 3591 1366 3632 se

417 3665 451 3728 in
468 3667 514 3730 eis
529 3667 671 3730 divinam
687 3665 889 3749 presentiam
910 3675 966 3729 aut
981 3666 1113 3744 angelos
1128 3667 1279 3730 venerari.
1325 3669 1364 3732 In

417 3767 598 3830 exercenda
619 3768 835 3850 hospitalitate
858 3779 889 3830 et
909 3766 980 3828 aliis
1001 3765 1201 3829 liberalitatis
1217 3769 1367 3852 operibus

415 3865 463 3928 sic
488 3865 641 3947 pollebat,
666 3877 702 3930 ut
725 3868 879 3951 quicquid
907 3866 1032 3930 eratin
1059 3867 1261 3932 facultatibus
1287 3870 1367 3954 ejus,

415 3986 586 4029 commune
605 3967 829 4050 patrimonium
851 3968 993 4030 omnium
1013 3969 1167 4032 bonorum
1183 3970 1272 4032 credi
1292 3992 1364 4052 pos-

415 4077 474 4130 set.
519 4068 564 4132 Et
577 4067 721 4151 quamvis
744 4067 859 4130 domus
882 4067 951 4152 ejus
973 4089 1031 4150 pro
1053 4089 1141 4131 more
1156 4071 1262 4148 gentis
1277 4083 1367 4134 uten-

416 4169 530 4248 silibus
555 4169 704 4250 pretiosis
734 4181 766 4232 et
795 4168 1004 4249 gerendorum
1031 4169 1123 4232 variis
1152 4169 1367 4236 instrumentis

415 4271 647 4345 nobilitaretur,
658 4269 783 4334 divitias
799 4282 904 4332 tamen
921 4281 955 4332 et
970 4290 1048 4352 opes
1063 4281 1096 4331 et
1110 4291 1238 4334 omnem
1254 4273 1367 4336 muudi

416 4371 647 4453 supellectilem
670 4392 728 4455 pro
748 4370 875 4434 Christo
896 4370 1133 4443 contemnebat,
1148 4381 1184 4433 ut
1205 4384 1367 4452 stercora,
