3625 5317
401 812 471 860 om.
487 792 557 875 ιιι]
766 810 1011 863 narmosrous.
1283 804 1349 867 aul

398 984 456 1045 ego
476 984 550 1027 aum
568 964 707 1030 veruas:
738 964 841 1030 alieno
861 966 946 1031 enim
968 989 1031 1031 non
1053 979 1126 1053 eget
1146 967 1352 1049 adminiculo,

399 1064 476 1152 quis
496 1078 529 1129 et
551 1086 588 1139 ae
607 1064 689 1131 ratio
709 1064 858 1148 illustrat,
876 1088 910 1135 et
926 1067 1043 1135 veritas
1062 1068 1198 1156 seipsam
1216 1069 1350 1137 invenit.

400 1168 449 1232 At
463 1167 496 1230 in
511 1164 674 1245 creaturis,
686 1168 774 1233 aliud
787 1168 914 1249 veritas,
922 1169 1011 1234 aliud
1026 1170 1123 1235 ratio:
1140 1194 1212 1237 nam
1223 1172 1350 1255 vetitas,

399 1267 506 1355 imago
526 1268 674 1355 quaedsm
697 1270 874 1336 divinitatis
894 1285 955 1350 est,
977 1296 1072 1360 quam
1094 1272 1127 1337 in
1150 1274 1244 1340 rebus
1266 1274 1351 1341 ratio

399 1368 528 1455 quaerit,
542 1382 575 1433 et
589 1368 719 1437 invenit.
764 1370 873 1448 Ratio,
886 1372 1001 1451 virtus,
1015 1386 1073 1438 aut
1087 1375 1203 1439 mentis
1215 1375 1350 1461 agitatio

398 1483 459 1549 est,
480 1494 555 1557 qum
575 1485 751 1559 occupatur
774 1473 807 1537 iu
833 1473 1059 1560 perspicientia
1080 1479 1156 1543 veri.
1200 1481 1275 1543 Non
1299 1489 1349 1543 est

398 1585 507 1637 autem
532 1572 649 1638 veritas
675 1575 856 1661 susceptiva
881 1576 1124 1656 contrariorum,
1148 1577 1191 1642 ub
1215 1577 1347 1645 eandem

398 1695 537 1751 anunm,
553 1696 650 1761 quam
666 1674 707 1741 de
721 1675 844 1741 ratione
859 1677 1004 1763 superius
1016 1678 1232 1765 exposuimus.

442 1932 522 2018 Cap.
538 1938 590 1997 40.
616 1934 707 1997 Idem
722 1934 763 1998 de
776 1934 901 2000 eodem.-
923 1942 955 1999 et
968 1936 1055 2018 quod
1068 1956 1127 2001 nec
1140 1937 1233 2018 ratio,
1247 1956 1309 2001 neo

642 2036 764 2099 ueritus
776 2036 942 2099 matram
954 2037 1100 2119 suscipit.

440 2185 477 2249 S1
502 2184 565 2249 hue
591 2184 875 2272 Peripateticorum
903 2185 1007 2253 tendit
1029 2187 1177 2268 intentio,
1199 2200 1237 2253 ut
1258 2190 1347 2256 omni

396 2285 537 2351 vanitate
563 2286 692 2373 rejecta,
714 2288 881 2353 veritatem
906 2312 1013 2355 rerum
1038 2304 1201 2376 agnoscat,
1221 2303 1254 2356 et
1278 2304 1348 2357 tota

394 2388 518 2453 ratione
539 2387 705 2453 veritatem
735 2391 798 2455 Dei
824 2403 960 2476 quaerat,
986 2403 1166 2471 veneretur,
1190 2402 1223 2455 et
1248 2392 1345 2469 uolat,

394 2510 459 2553 non
484 2486 640 2553 inutiliter
664 2486 837 2555 laboratur.
890 2489 1042 2577 Alioquin
1067 2512 1165 2577 opera
1191 2490 1286 2578 perit,
1311 2504 1346 2555 et

312 2667 314 2671 .
394 2588 548 2673 impensa.
605 2586 669 2653 Sed
698 2588 776 2675 quia
801 2589 904 2654 multa
933 2599 1018 2666 sunt,
1043 2614 1117 2677 qum
1141 2590 1346 2677 praepediunt

393 2686 647 2773 intelligentiam,
669 2702 783 2775 utpote
804 2689 996 2755 invincibilis
1018 2690 1199 2775 ignorantia
1223 2714 1346 2772 eorum,

393 2790 604 2877 quaeratione
623 2791 766 2879 expediri
789 2814 852 2855 non
876 2804 1020 2877 possunt,
1035 2791 1118 2857 siout
1137 2806 1212 2857 sunt
1227 2806 1344 2859 sanetae

393 2892 561 2959 Trinitatis
581 2916 706 2974 arcana,
724 2909 757 2958 et
777 2894 853 2959 item
875 2893 1034 2978 fragilitas
1054 2892 1255 2973 conditionis,
1278 2894 1345 2961 vitu

392 2993 507 3071 brevis,
523 2994 652 3060 utilium
673 2993 878 3079 negligentia,
893 2994 1062 3081 occupatio
1079 2992 1214 3073 inutilis,
1228 2995 1344 3081 proba-

392 3094 504 3160 bilium
521 3093 687 3160 conflictus
698 3095 895 3181 opinionum,
908 3094 1015 3181 culpa,
1030 3118 1105 3181 quoe
1119 3094 1221 3159 lucem
1236 3095 1344 3161 deme·

391 3210 491 3275 retur,
514 3208 547 3261 et
569 3195 698 3261 tandem
721 3198 932 3262 numerositas
951 3209 985 3262 et
1006 3196 1201 3263 immensitas
1214 3197 1343 3263 investi-

389 3298 564 3384 gabilium:
588 3298 668 3363 adeo
690 3296 867 3363 obductum
889 3312 937 3365 est
959 3322 1014 3363 cor
1035 3299 1222 3379 humanum,
1241 3313 1278 3367 ut
1299 3300 1342 3367 ad

390 3400 457 3466 reri
472 3397 617 3467 notitiam
633 3422 706 3466 raro
725 3400 824 3487 possit
846 3401 1005 3469 accedere.
1052 3402 1113 3467 Sed
1133 3402 1168 3467 in
1188 3402 1239 3469 his
1257 3418 1343 3482 octo,

392 3523 466 3587 quae
488 3502 662 3589 praeposita
682 3514 769 3584 sunt,
791 3500 870 3566 nihil
892 3502 984 3584 adeo,
1008 3525 1068 3589 pro
1091 3527 1163 3569 mea
1183 3504 1342 3591 opinione,

390 3602 553 3667 scientiam
567 3624 675 3669 eorum
692 3626 766 3689 quaa
781 3601 968 3690 expediunt,
977 3602 1126 3689 impedit,
1136 3602 1218 3668 sicut
1233 3604 1341 3691 culpa,

390 3727 466 3791 quas
487 3717 612 3791 separat
625 3705 709 3772 inter
724 3728 780 3769 nos
795 3718 827 3771 et
846 3705 966 3781 Deum,
981 3715 1013 3770 et
1034 3704 1155 3770 fontem
1170 3703 1341 3790 praecludit

391 3806 549 3875 veritatis:
580 3830 675 3895 quem
699 3821 803 3873 tamen
824 3806 906 3873 ratio
928 3806 1017 3873 sitire
1036 3829 1099 3871 uon
1121 3821 1232 3874 cessat.
1278 3810 1342 3877 Cor

389 3930 504 3990 meum,
518 3909 624 3997 inquit
638 3931 727 3977 mens
742 3932 869 3977 suorum
885 3908 1009 3974 conseia
1023 3922 1239 3995 peccatorum,
1252 3914 1341 3977 dere·

389 4014 485 4095 liquit
499 4032 558 4092 nse,
572 4020 603 4077 et
617 4015 727 4077 lumen
747 4015 911 4077 oculorum
931 4032 1083 4089 meorum,
1098 4020 1129 4076 et
1146 4015 1254 4095 ipsum
1274 4034 1341 4078 non

388 4120 437 4178 ast
461 4134 591 4179 mecum.
638 4112 801 4199 Siquidem
824 4112 884 4177 nisi
907 4134 955 4194 ea,
977 4134 1052 4199 quae
1073 4113 1163 4177 novit
1190 4116 1275 4198 quis,
1297 4114 1340 4179 ad

387 4212 532 4279 divinum
570 4213 710 4279 reflectat
746 4213 948 4300 obsequium,
976 4236 1039 4279 non
1069 4236 1142 4278 cum
1172 4213 1253 4300 ipso,
1282 4216 1338 4280 sed

389 4313 499 4401 potius
513 4329 625 4380 contra
646 4313 761 4402 ipsum,
776 4314 854 4380 facit
877 4314 1008 4380 scientia
1028 4315 1116 4401 ejus:
1140 4312 1240 4378 multa
1254 4312 1340 4381 enim

388 4416 468 4481 scire
492 4439 553 4481 non
585 4416 726 4503 prodest,
754 4416 780 4481 si
807 4439 905 4481 unum
936 4416 1028 4493 desit,
1056 4414 1142 4500 quod
1168 4432 1217 4479 est
1242 4437 1339 4502 super
