3625 5317
465 777 524 837 loo
718 788 855 833 scaurus
871 786 1150 833 mansnamnusrs
1263 770 1344 850 [nra.
1362 789 1414 834 111.

460 940 549 1018 dare,
569 938 609 1003 sd
633 938 865 1024 philosophiam
887 960 950 1001 non
973 951 1038 1002 tam
1060 959 1219 1001 accessum
1242 950 1414 1025 praeparat,

462 1064 559 1127 quam
581 1062 755 1105 recessum:
784 1062 888 1125 neque
914 1042 997 1104 enim
1024 1040 1231 1125 proficientis,
1254 1040 1310 1104 ced
1333 1041 1416 1105 diffi-

461 1142 572 1208 cientis
586 1140 705 1227 ingenii
721 1141 876 1205 indicium
898 1153 957 1206 est.
1001 1140 1099 1205 Unde
1119 1141 1280 1224 eleganter
1294 1143 1416 1208 Beatus

462 1242 673 1307 Ambrosius:
698 1244 849 1307 Libenter
860 1244 974 1327 soteor
989 1264 1039 1306 me
1051 1246 1185 1321 nescire,
1199 1244 1286 1325 quod
1298 1247 1416 1322 nescio,

461 1348 524 1408 imo
552 1346 639 1427 quod
666 1345 748 1407 scire
776 1344 864 1406 nihil
887 1344 1027 1425 prodat.
1072 1345 1172 1407 Porro
1200 1343 1415 1428 probabilium

462 1447 678 1533 investigatio,
708 1468 748 1510 ex
778 1446 898 1532 quibus
926 1445 994 1510 fere
1027 1445 1158 1511 scientia
1186 1460 1233 1511 est
1265 1447 1416 1525 humana,

462 1549 701 1635 quodammodo
716 1564 823 1614 manat
839 1549 961 1614 alonte
981 1548 1194 1635 Topicorum3
1217 1566 1292 1633 quse
1306 1571 1413 1613 rerum
1515 1557 1517 1560 ’

463 1662 709 1737 sermonumque
723 1650 928 1737 adjunctione
941 1649 1149 1735 deprehensa,
1163 1664 1279 1736 parant
1290 1650 1414 1734 copiam

463 1754 642 1820 rationum:
671 1768 708 1819 ut
733 1752 759 1818 si
786 1753 858 1840 quis
883 1752 916 1817 iu
945 1751 990 1815 eis
1018 1749 1211 1816 sufficienter
1238 1752 1417 1818 instructus

462 1854 574 1934 fuerit,
603 1854 684 1920 illud
715 1854 966 1941 Pythagoricum
997 1874 1106 1919 verum
1137 1875 1205 1917 esse
1232 1868 1415 1938 cognoscat,

462 1956 597 2043 quiade
616 1956 704 2021 omni
725 1979 759 2020 re
781 1967 885 2042 potest
904 1957 938 2018 in
959 1968 1127 2042 utramque
1150 1968 1274 2039 partem
1298 1956 1414 2041 proba-

461 2056 568 2122 biliter
583 2054 756 2141 disputari3
770 2056 872 2141 ipsam
888 2078 973 2132 vero,
989 2056 1085 2120 sicuti
1099 2069 1158 2135 est,
1173 2054 1412 2141 deprehendere

462 2156 641 2229 veritatem,
663 2155 781 2220 diviuae
802 2154 853 2219 vel
875 2155 1027 2241 angelicae
1048 2156 1252 2240 perfectionis
1275 2170 1342 2221 est:
1372 2157 1414 2221 ad

464 2278 560 2341 quam
574 2270 662 2321 tanto
674 2256 809 2343 quisque
824 2256 1014 2321 familiarius
1028 2257 1161 2337 accedit,
1170 2271 1293 2343 quanto
1302 2278 1414 2323 verum

466 2353 583 2444 quaerit
605 2356 741 2434 avidius,
755 2370 841 2421 amet
861 2356 1036 2432 ardentius,
1052 2361 1213 2422 examinat
1232 2356 1369 2438 fidelius,
1383 2370 1416 2423 et

463 2460 496 2524 in
523 2460 789 2546 contemplatione
811 2460 881 2547 ejus
902 2459 1078 2545 jocundius
1099 2460 1288 2526 delectatur.
1334 2463 1416 2525 Hoec

466 2562 648 2627 summatim
675 2576 837 2649 excerpta,
862 2560 903 2625 ad
929 2560 1112 2625 instantiam
1142 2564 1345 2648 provocantis
1369 2576 1417 2625 re-

464 2662 568 2728 texui:
592 2685 654 2728 non
671 2662 801 2749 quidem
817 2663 904 2751 quod
921 2662 1090 2728 utilitatem
1106 2679 1163 2729 aut
1179 2666 1419 2751 conceptionem*

463 2766 710 2853 precedentium
728 2764 882 2831 librorum
898 2765 991 2852 plene
1005 2766 1225 2852 descripserim
1243 2766 1314 2845 (hoc
1328 2768 1411 2831 enim

465 2889 562 2953 supra
577 2868 659 2932 vires
680 2889 766 2933 meas
786 2880 846 2949 est,
864 2878 896 2930 et
912 2888 932 2928 a
947 2866 1111 2951 proposito
1132 2864 1282 2948 alienum)
1299 2867 1354 2930 sed
1377 2878 1414 2930 ut

464 2969 628 3048 articulos,
638 2970 693 3056 qui
705 2968 978 3056 proponebantur,
989 2980 1022 3031 et
1033 2966 1261 3032 criminabatur
1276 2966 1415 3047 inutiles,

464 3068 618 3135 officiosos
632 3092 699 3135 esse
717 3081 937 3133 monstrarem.
984 3067 1074 3131 idem
1091 3090 1219 3153 quoqne
1233 3070 1267 3132 iu
1283 3090 1416 3154 sequen·

465 3172 552 3236 tibus
566 3172 764 3256 propositum
780 3182 843 3235 eet:
866 3169 983 3234 scilicet
999 3182 1035 3234 ut
1049 3167 1158 3254 potius
1177 3167 1294 3235 aemulo
1307 3193 1415 3235 occur·

465 3285 565 3349 ratur,
580 3294 677 3357 quam
693 3284 728 3335 ut
743 3270 775 3334 in
791 3283 886 3344 artes,
902 3293 982 3355 quas
1003 3292 1114 3336 omnes
1133 3269 1259 3350 docent,
1273 3284 1330 3335 aut
1351 3270 1416 3336 dis·

466 3384 554 3449 cunt,
569 3369 786 3435 commentarii
809 3369 1021 3435 scribantura
1038 3372 1139 3437 nobis.
1185 3372 1246 3437 Cui
1268 3372 1330 3437 ista
1351 3394 1414 3438 non

463 3472 602 3560 placent,
614 3469 727 3536 doceat
742 3468 877 3558 potiora.
1034 3476 1039 3483 '
