3625 5317
650 815 658 828 ⁸
682 817 759 864 rma
774 817 888 863 suuorr
904 815 1061 862 ansatur.
1279 799 1341 860 899

390 982 422 1036 ct
446 989 532 1034 more
558 971 778 1035 ecclesiastico
802 970 968 1033 Urbanum
992 991 1107 1054 papam
1131 965 1218 1030 adire
1242 967 1340 1030 liceat

388 1092 448 1155 pro
463 1069 572 1154 pallio,
588 1073 657 1135 sine
673 1092 736 1155 quo
752 1070 985 1154 plenitudinem
1007 1071 1105 1136 officii
1126 1070 1175 1135 sui
1189 1088 1340 1133 exercere

389 1192 456 1235 non
482 1183 614 1254 poterut.
660 1175 703 1236 At
726 1173 779 1235 ille
806 1170 847 1236 ad
877 1174 1002 1236 Urbani
1032 1193 1149 1236 nomen
1179 1169 1341 1245 intumuit,

390 1292 536 1335 asserem
550 1271 584 1333 in
599 1293 700 1354 reguo
715 1293 775 1334 suo
790 1272 951 1334 nemiuem
972 1272 1042 1335 sine
1063 1273 1164 1354 ipsius
1183 1271 1341 1334 electione

391 1373 509 1436 debere
539 1373 751 1454 apostolicum
780 1373 958 1434 nominare.
1013 1371 1191 1454 Praefigitnr
1220 1372 1339 1434 archie-

388 1473 526 1556 piscopo
541 1471 652 1536 diceet
662 1475 764 1550 locus,
779 1484 815 1535 ut
825 1472 866 1535 de
877 1472 939 1534 hac
953 1471 1127 1534 temeritate
1138 1471 1341 1554 respondeat.

390 1573 518 1636 Adsunt
543 1585 659 1656 partes,
682 1585 714 1637 et
737 1573 894 1636 voluntati
915 1573 1000 1654 regis
1020 1591 1133 1634 omnes
1152 1570 1340 1633 acclamant.

389 1675 556 1757 Praecipue
576 1684 682 1738 tamen
704 1675 847 1758 episcopi
866 1673 1006 1757 argutius
1021 1673 1209 1754 allegabant,
1223 1690 1340 1754 papam

390 1795 456 1838 uon
473 1775 692 1859 recipiendum
715 1778 748 1839 iu
771 1795 870 1857 regno
893 1774 1029 1856 Angliae,
1046 1772 1108 1835 uisi
1128 1772 1213 1854 regis
1226 1771 1340 1834 electio

391 1877 617 1959 praecessisset.
661 1878 752 1949 Quos
767 1897 866 1960 quum
886 1877 1068 1951 Anselmus,
1082 1875 1193 1936 volens
1208 1871 1341 1935 reddere

392 1975 511 2040 Caesari
522 1997 594 2059 quae
601 1977 828 2054 suntCaesaris,
839 1977 1000 2039 etmaleus
1012 1977 1083 2038 Deo
1095 1995 1191 2058 quam
1205 1972 1341 2035 homiui·

393 2079 454 2140 bus
468 2076 610 2155 obedire,
625 2078 789 2152 canonicis
803 2087 836 2141 et
849 2079 946 2162 plane
968 2077 1085 2140 divinis
1103 2075 1279 2140 rationibus
1293 2073 1342 2136 iu-

389 2176 554 2240 fraeuassot
560 2201 570 2254 3
582 2198 647 2240 uno
658 2177 781 2261 impetu
790 2178 954 2240 vociferati
963 2187 1037 2240 sunt
1048 2197 1120 2239 eum
1130 2174 1341 2258 deliquisseiu

390 2276 509 2358 regiam
519 2275 724 2358 majestatem,
732 2277 786 2361 qui
796 2276 952 2340 voluntati
963 2277 1032 2360 ejus
1043 2296 1116 2340 suas
1125 2284 1342 2359 praeposuerat

390 2378 488 2457 leges.
529 2379 612 2440 Nam
625 2399 686 2442 nec
703 2379 775 2441 Deo
788 2378 894 2442 miseri
910 2378 1083 2462 quicquam
1098 2378 1157 2440 nisi
1175 2377 1253 2459 rege
1264 2396 1341 2439 con·

390 2479 475 2542 sulto
486 2479 648 2544 audebunt
657 2481 825 2545 ascribere.
849 2481 954 2561 Igitur
968 2480 1008 2545 ad
1023 2501 1120 2544 unam
1135 2479 1218 2558 regis
1231 2498 1340 2542 vocem

392 2579 523 2663 quidam
538 2581 781 2665 archiepiscopo
797 2603 855 2645 suo
871 2603 999 2644 omnem
1014 2581 1230 2644 obedientiam
1245 2581 1341 2643 abne·

390 2690 477 2761 gant,
492 2691 524 2744 et
544 2681 689 2744 fraternae
709 2681 872 2743 societatis
891 2681 1153 2764 communionem
1174 2678 1343 2759 abjuraut3

389 2779 443 2844 olii
453 2779 570 2842 veroin
580 2777 711 2860 hisquae
721 2779 907 2860 praeciperet
917 2788 1060 2859 exparte
1071 2777 1194 2840 Urbani
1204 2777 1343 2840 Romani

390 2877 566 2962 pontilicis.
604 2877 725 2938 Omnes
740 2875 825 2938 enim
840 2885 978 2958 excepto
990 2875 1136 2938 Roffeusi
1150 2875 1220 2938 solo
1230 2877 1342 2939 obedi·

390 2975 655 3041 enuaevinculum
664 2975 801 3051 solvunt,
811 2984 843 3038 et
852 2973 1342 3059 praestitaepromissionisfidem.

391 3081 528 3161 Insuper
541 3098 600 3141 rex
615 3076 858 3160 archiepiscopo
873 3075 983 3138 etsuis
998 3095 1126 3138 omnem
1142 3074 1342 3138 securitatem

389 3178 545 3251 adimens,
557 3178 742 3243 manifestas
757 3176 936 3240 deuuuitiat
950 3175 1145 3253 inimicitias;
1160 3175 1224 3238 nisi
1239 3197 1273 3239 se
1284 3197 1342 3240 ex·

392 3278 468 3342 inde
488 3281 633 3343 Romano
655 3279 800 3362 pontifici
823 3299 886 3341 non
903 3277 1106 3342 obediturum
1126 3277 1257 3362 publice
1272 3298 1344 3360 pro-

394 3380 529 3444 fiteatur.
574 3383 616 3444 At
637 3381 692 3444 ille
715 3401 919 3463 perseverans
941 3378 973 3443 io
1004 3380 1068 3444 fide
1095 3380 1289 3443 conductum
1312 3391 1344 3443 ct

392 3479 565 3546 recedendi
579 3482 741 3545 licentiam
762 3483 843 3563 petit
858 3501 877 3544 a
892 3503 975 3563 rege.
1019 3480 1166 3544 Tandem
1182 3501 1256 3542 vero
1271 3500 1343 3561 pro-

393 3601 500 3643 cerum
521 3581 699 3644 interventu
722 3580 846 3663 aliquot
865 3582 1020 3643 mensium
1039 3578 1188 3641 inducias
1207 3578 1343 3652 obtinet,

392 3692 424 3744 et
439 3680 501 3744 sibi
516 3694 548 3745 et
563 3683 629 3745 suis
643 3682 769 3745 interim
781 3701 838 3743 rex
852 3701 967 3763 pacem
982 3677 1158 3761 pollicetur.
1184 3677 1343 3742 Caeterum

353 3855 355 3858 ¹
391 3778 498 3844 elide
523 3783 670 3862 promissi
697 3783 761 3845 cito
791 3779 955 3854 recedens,
978 3777 1183 3841 Baldwinum
1208 3778 1305 3863 ejecit
1326 3801 1344 3842 e

392 3899 514 3959 regu03
537 3891 568 3943 et
583 3881 616 3941 iu
632 3881 818 3944 hominibus
833 3893 865 3944 et
880 3880 971 3943 terris
986 3879 1053 3943 suis
1066 3881 1345 3964 archiepiscopum

394 3979 596 4042 vehementer
608 3979 733 4042 afflixit.
766 3983 890 4043 interea
900 3977 1049 4044 dominus
1064 3981 1235 4055 Walterus,
1248 3982 1345 4045 Alba·

394 4078 503 4142 nensis
517 4079 701 4161 episcopus,
720 4079 953 4163 archiepiscopi
975 4081 1107 4163 pallium
1123 4082 1269 4158 afferens,
1288 4081 1345 4144 do·

394 4179 472 4242 mini
487 4181 570 4261 regis
584 4190 617 4242 et
631 4201 724 4263 papae
741 4179 944 4244 concordiam
958 4182 1151 4263 procuravit3
1175 4181 1344 4264 effecitque

395 4290 430 4342 ut
458 4301 478 4342 a
508 4301 580 4362 rego
611 4282 642 4343 in
673 4281 805 4362 gratiam
836 4283 884 4344 cel
909 4284 1016 4366 specie
1039 4295 1131 4345 tenus
1154 4283 1345 4364 reciperetur

394 4383 573 4446 Ansclmus.
609 4383 687 4446 Post
704 4381 935 4464 aliquantulum
951 4382 1102 4464 temporis
1118 4404 1215 4465 qurum
1232 4399 1288 4446 rex
1305 4383 1344 4448 dc
