3625 5317
763 780 986 829 nunnnrrcoa.
1283 767 1347 827 207

392 938 482 1009 Quos
497 937 596 1018 agitat
612 936 785 999 cachethes
801 934 974 1012 scribendi,
989 952 1111 1017 quosve
1126 930 1292 1013 loquendi,

478 1037 541 1109 Qui
557 1036 641 1099 vitiis
657 1034 797 1111 sordent,
813 1054 896 1117 quoa
910 1032 991 1097 levis
1005 1052 1084 1095 aura
1097 1030 1191 1093 fovet.

395 1138 519 1201 Horum
535 1136 708 1200 tendiculae
723 1134 843 1201 dicenti
858 1155 935 1199 vera
947 1147 1110 1217 paranmr,

478 1240 524 1301 Et
537 1238 601 1301 nisi
616 1258 807 1320 precavens,
822 1239 973 1321 publicus
987 1236 1090 1298 hostis
1104 1234 1176 1297 eris.

394 1340 540 1403 Assertor
554 1339 620 1401 veri
635 1360 806 1423 personam
822 1340 926 1402 nescit
940 1338 1047 1411 amici,
1267 1339 1350 1397 1505

481 1441 635 1505 Decernit
649 1440 768 1505 meritis
782 1441 916 1524 praemia
930 1440 1020 1503 nulle
1033 1438 1118 1514 viris,

395 1541 544 1605 Personis
557 1541 671 1623 percit,
682 1538 788 1623 judex
803 1540 835 1601 in
854 1538 987 1602 crimina
1001 1558 1116 1613 saerus,

482 1643 527 1705 Et
539 1642 605 1705 vitii
620 1642 727 1705 labem
743 1660 869 1723 semper
884 1640 1006 1723 ubique
1020 1649 1120 1702 notat

396 1743 460 1806 Aut
473 1754 582 1806 moena
595 1762 725 1824 prorsus
740 1750 797 1804 aut
812 1759 917 1823 pauca
930 1740 1071 1823 loquaris
1086 1739 1120 1801 in
1134 1740 1217 1815 aula,

482 1846 547 1909 Aut
561 1862 695 1926 quaeras,
708 1842 743 1903 in
759 1861 824 1923 quo
837 1860 908 1903 rurs
922 1842 1019 1903 latere
1035 1860 1143 1924 queas,
1269 1843 1353 1902 loto

396 1946 482 2009 Nom
497 1945 524 2007 si
538 1965 604 2007 non
619 1942 724 2027 parcis
738 1942 855 2019 verbis,
870 1962 967 2005 nemo
981 1942 1040 2005 tibi
1054 1954 1176 2024 parcet,

482 2044 722 2127 Raevenietque
737 2041 807 2107 dies
820 2043 922 2126 impia
936 2043 1030 2106 turba
1044 2052 1127 2105 tuos.

398 2146 465 2211 Sub
481 2146 563 2211 duce
578 2146 710 2231 prresato
726 2146 754 2207 si
769 2146 849 2209 forte
863 2145 987 2209 recedis
1001 2146 1043 2208 ab
1059 2145 1143 2221 aula,

483 2246 603 2331 Sospes
617 2260 650 2311 et
665 2256 700 2310 ut
714 2258 801 2314 tutus
815 2244 963 2329 quolibet
976 2247 1021 2309 ire
1036 2266 1147 2330 queas,

397 2349 505 2413 Peuce
519 2350 565 2411 tui
579 2350 709 2413 tandem
725 2348 863 2413 stillabis
877 2348 912 2411 in
926 2368 1002 2412 aure
1017 2349 1155 2432 patroni,
1270 2351 1354 2410 lolll

484 2452 565 2524 Qun
579 2452 725 2514 recolens
739 2458 880 2535 nequeat
893 2449 1060 2513 immemor
1073 2470 1145 2513 esse
1160 2450 1219 2513 sui.

400 2550 469 2615 Lex
483 2551 593 2615 divina
607 2552 701 2615 bonis
715 2550 844 2615 vivendi
861 2552 930 2615 sola
943 2552 1103 2634 magistra,

486 2654 563 2717 Non
578 2664 719 2717 veterum
733 2654 823 2729 ritus,
838 2652 1033 2733 quitatione
1049 2662 1166 2713 carent.

399 2754 537 2835 Pervigil
552 2754 636 2815 hanc
652 2752 782 2816 studeas
796 2771 873 2814 eura
888 2770 1011 2813 servare
1025 2750 1170 2833 perenni,

487 2857 573 2918 Nom
588 2865 762 2916 servatores
778 2860 881 2913 servat
895 2850 1014 2933 etipsa
1028 2870 1112 2912 suos.
1273 2854 1356 2912 1520

401 2957 472 3019 Lex
486 2956 636 3027 humana,
653 2952 716 3015 Dei
732 2952 758 3013 si
776 2950 818 3014 sit
832 2950 990 3014 contrario
1003 2950 1078 3031 legi,

486 3056 658 3117 Auctorem
675 3052 816 3129 damnat,
832 3072 896 3135 quo
911 3064 1064 3133 pereunte
1079 3051 1172 3134 perit.

447 3152 540 3227 Quod
552 3152 634 3240 leges
647 3152 754 3215 civiles
767 3157 998 3233 comparantur
1011 3168 1211 3215 araneorum
1227 3151 1308 3215 reto.

405 3254 498 3316 Retia
512 3253 677 3315 solvuntur
691 3252 813 3328 leviter,
828 3272 900 3333 quse
917 3250 1000 3315 texit
1014 3251 1164 3329 arachne,

489 3353 565 3416 Arte
580 3363 688 3415 tamen
704 3351 783 3414 mira
797 3350 853 3413 lile
868 3352 953 3414 coire
968 3352 1063 3429 facit3

404 3452 591 3535 impediunt
606 3451 719 3515 eadem
735 3472 914 3515 muscarum
930 3472 1066 3535 corpora
1080 3472 1188 3533 parva,
1274 3451 1357 3512 loeo

492 3554 678 3637 Magnaque
695 3553 721 3615 si
738 3552 878 3629 veniant,
894 3553 1038 3635 quolibet
1052 3552 1098 3616 ire
1114 3552 1243 3625 sinunt;

407 3654 472 3729 Sic,
490 3656 685 3720 Anacharsis
699 3654 754 3730 ait,
770 3654 922 3717 cohibent
937 3650 1042 3714 civilia
1053 3651 1126 3733 jura

493 3755 666 3835 invalidos,
681 3756 807 3837 maguis
823 3754 970 3839 quolibet
987 3752 1033 3813 ire
1047 3751 1135 3813 licet.

408 3858 484 3919 Nou
500 3858 544 3921 ita
558 3859 613 3921 lex
626 3871 742 3927 aeterna
756 3868 873 3939 potens
888 3867 1035 3937 torquere
1050 3863 1200 3936 potentes

494 3960 600 4041 Atque
610 3959 721 4021 fovens
736 3956 883 4035 humiles,
900 3976 981 4040 quos
996 3954 1085 4017 videt
1095 3976 1166 4019 esse
1176 3958 1258 4039 pios.
1277 3959 1359 4020 1530

530 4058 583 4121 De
596 4060 779 4121 diuersitate
793 4058 1002 4139 hospitiorum
1016 4063 1048 4119 el
1061 4060 1230 4140 Ιιοερᾶωη.

410 4162 474 4223 His
489 4160 584 4224 dictis
599 4162 695 4224 abeas
704 4159 886 4243 jubeasque
903 4160 1007 4222 valere
1023 4167 1202 4241 patronum,

496 4264 671 4346 Natalique
686 4261 755 4324 solo
771 4272 801 4323 te
818 4275 997 4339 revocante,
1012 4260 1090 4323 redi.

411 4366 539 4437 Quanta
553 4364 634 4428 fides
650 4365 692 4427 sit
705 4363 737 4424 in
755 4360 914 4446 hospitiis,
930 4362 1071 4444 inquire,
1086 4358 1198 4437 viator,
