3625 5317
768 1333 1049 1409 PROLOGUS.

470 1725 515 1787 lu
531 1723 627 1789 rebus
639 1722 788 1787 humanis
810 1719 890 1785 nihil
905 1720 972 1784 fere
987 1719 1032 1785 sic
1051 1720 1190 1786 arbitror
1202 1720 1378 1800 elimatum,

429 1836 465 1888 ut
482 1822 591 1909 aliqua
605 1846 645 1887 ex
661 1834 753 1909 parte
767 1819 957 1885 detractioni
968 1842 1031 1885 non
1042 1834 1168 1908 pateat;
1184 1844 1287 1909 quum
1298 1823 1382 1888 mala

426 1924 468 1989 de
491 1924 615 2002 merito,
637 1924 721 1989 bone
744 1932 851 1986 autem
873 1920 915 1985 de
937 1919 1037 1985 livore
1055 1934 1239 2008 carpantur.
1282 1922 1380 1989 Unde

426 2026 570 2093 mihimet
598 2028 741 2112 persuasi
766 2023 985 2089 detractorum
1014 2023 1141 2089 aculeos
1165 2028 1381 2112 aequanimius

426 2128 576 2195 tolerare:
618 2125 795 2215 praesertim
825 2146 929 2212 quum
958 2148 1001 2191 ex
1029 2125 1140 2191 divina
1169 2126 1379 2212 dispositione

424 2242 540 2297 nutura
560 2252 675 2317 parens
696 2251 754 2294 nos
780 2228 813 2292 in
836 2250 873 2292 ea
895 2238 991 2293 oetate
1012 2239 1045 2293 et
1074 2231 1204 2315 regione
1228 2230 1378 2307 ediderit,

424 2332 592 2419 editosque
622 2354 690 2396 sors
719 2330 751 2395 in
786 2352 824 2394 ea
854 2328 1048 2409 conditione,
1077 2329 1379 2419 conviventiumque

424 2448 510 2500 coetu
535 2432 696 2514 locaverit,
711 2435 769 2519 qui
791 2430 917 2497 molunt
938 2430 1041 2496 aliena
1061 2454 1186 2519 capere,
1200 2455 1298 2522 quam
1321 2456 1381 2500 sua

424 2534 593 2622 respicere,
609 2556 808 2620 componere,
821 2532 869 2596 vel
887 2530 1068 2597 emendare.

564 2652 608 2705 Sic
625 2667 703 2705 nemo
713 2652 741 2703 in
753 2666 811 2703 sese
822 2654 909 2703 tentet
917 2648 1083 2713 descendere,
1093 2666 1181 2715 nemo,

562 2734 615 2789 Sed
625 2734 793 2807 pracedemis
804 2738 936 2805 spectetur
946 2732 1061 2785 mantica
1072 2732 1157 2788 dorso.

423 2841 595 2905 Potueram
621 2835 752 2926 quidem
765 2833 978 2910 scholarium,
1000 2846 1035 2899 et
1052 2856 1163 2899 eorum
1188 2838 1246 2921 qui
1271 2838 1381 2903 Philo-

423 2939 544 3025 sopbiae
554 2938 681 3003 nomina
690 2935 893 3021 profitentur,
904 2946 1082 3019 utcumque
1091 2933 1124 2996 in
1134 2934 1259 3000 silentio
1267 2959 1379 3005 cavere

424 3060 562 3118 morsus,
577 3036 633 3102 sed
649 3032 779 3099 omnino
797 3054 861 3097 non
876 3054 1007 3121 ροεειιω
1023 3032 1253 3101 concurialium
1267 3037 1381 3107 dentes

424 3140 567 3205 eredere.
612 3136 772 3205 Omnibus
785 3133 932 3221 obsequi,
947 3134 1104 3199 neminem
1113 3136 1243 3217 loedere,
1258 3139 1380 3207 solebat

425 3240 575 3329 prodesse
585 3240 626 3305 ad
638 3237 792 3325 gratiem;
810 3248 846 3302 ut
857 3236 957 3322 juxta
968 3238 1146 3317 Oomicum,
1158 3242 1241 3309 stne
1253 3244 1383 3309 incidie

423 3346 552 3410 laudem
572 3345 732 3419 insenius,
755 3348 785 3405 et
807 3343 925 3404 ammos
942 3362 1062 3425 parce:
1092 3363 1177 3407 nunc
1198 3357 1306 3410 autem
1328 3348 1379 3412 rel

422 3444 467 3509 sic
483 3466 555 3509 raro
576 3443 743 3531 proficitur
766 3440 808 3507 ad
829 3439 1083 3508 commilitonum
1104 3444 1258 3510 iuvidiam
1280 3448 1380 3536 repri-

424 3545 582 3611 mendam.
628 3545 712 3609 Nam
733 3542 933 3629 obsequendi
952 3565 1023 3609 mos
1041 3557 1116 3610 nota
1132 3546 1318 3633 abjectionis
1331 3550 1379 3615 in·

424 3646 551 3721 uritur3
577 3644 757 3711 innocentio
771 3644 971 3732 impotentiae
988 3668 1056 3711 esse
1071 3646 1200 3711 videtur
1212 3649 1377 3735 professio.

422 3746 614 3813 Taciturnos
649 3745 836 3812 criminatur
865 3745 1036 3821 indoctum
1071 3746 1230 3814 facundus
1255 3752 1377 3818 accedit

423 3847 465 3913 ad
487 3847 644 3935 garrulos.
690 3843 746 3911 Vir
774 3846 883 3932 gravis
908 3845 1017 3911 sedere
1042 3846 1161 3913 dicitur
1184 3848 1217 3913 in
1241 3850 1376 3929 insidiis,

424 3949 528 4013 minus
541 3947 651 4035 gravis
666 3970 686 4012 a
701 3946 828 4013 levitate
843 3947 995 4034 culpatur
1009 3948 1148 4035 ineptus.
1192 3952 1257 4028 Qui
1268 3954 1376 4019 mode·

425 4047 516 4114 stiam
532 4049 677 4136 sequitur
692 4049 854 4126 sermonis,
870 4062 903 4116 et
922 4049 1040 4136 operis,
1054 4063 1199 4116 censetur
1213 4052 1375 4121 factiosus.

425 4152 603 4230 Postremo,
618 4150 644 4217 si
660 4150 730 4217 rixa
744 4173 807 4217 non
830 4164 891 4231 est,
906 4155 962 4217 vix
982 4164 1030 4217 est
1045 4143 1180 4218 ut'livor
1193 4174 1256 4219 non
1272 4156 1313 4223 sit
1328 4155 1376 4218 in-

423 4252 523 4318 curia.
569 4252 602 4318 si
617 4266 723 4320 tamen
739 4254 773 4319 in
787 4252 868 4333 alea,
882 4265 916 4319 et
925 4253 1078 4334 venatica,
1092 4252 1279 4339 caterisque
1293 4257 1377 4321 curi-

423 4354 1375 4441 aliumnugisomnemintercommilitioncsconsumpsissem
