3625 5317
400 818 472 865 cae.
488 800 575 881 vnn]
750 817 995 863 uanamoreus.
1309 806 1350 863 tt

399 969 555 1035 bilitatem
584 968 712 1054 liuguae,
743 968 950 1055 capacitatem
980 968 1150 1033 memoriae.
1204 966 1259 1031 Ad
1289 968 1350 1033 hoe

398 1070 481 1135 enim
505 1070 629 1157 proficit
652 1070 804 1157 frequens
828 1072 910 1147 hoec,
932 1082 965 1135 et
987 1068 1028 1133 de
1049 1068 1199 1135 omnibus
1222 1091 1349 1135 concer-

399 1175 497 1247 tatio;
535 1195 610 1258 qum
640 1185 790 1259 quartum
827 1194 958 1259 quoque
987 1168 1108 1257 adjicit,
1137 1168 1348 1237 subtilitatem

397 1274 535 1361 ingenii:
573 1275 725 1341 contiuuo
754 1275 912 1363 siquidem
942 1274 1068 1361 prolicit
1096 1274 1256 1340 exercitio.
1314 1275 1348 1340 Si

396 1389 503 1441 autem
534 1376 709 1441 moderatio
737 1376 830 1456 desit,
859 1376 966 1442 omnia
994 1376 1063 1441 baec
1091 1376 1124 1441 in
1153 1374 1347 1442 eontrarium

397 1477 533 1543 cedunt:
557 1478 759 1543 subtrahitur
772 1501 912 1566 nemque
931 1477 1103 1544 subtilitati
1116 1477 1249 1545 utilitas.
1285 1480 1348 1545 Ni·

396 1578 445 1642 tu
466 1592 585 1657 autem,
611 1592 647 1644 ut
673 1579 705 1642 in
731 1582 836 1665 primo
857 1578 1124 1644 declamationum
1147 1580 1193 1643 ait
1218 1579 1346 1657 Seneca,

395 1680 546 1747 odibilius
567 1680 756 1759 subtilitate,
780 1680 835 1745 ubi
859 1681 944 1745 nibil
966 1681 1057 1744 uliud
1079 1692 1136 1755 est,
1162 1702 1253 1767 quum
1278 1679 1348 1744 steb-

396 1784 519 1847 tila'tas:
544 1783 589 1846 Et
605 1781 645 1845 ad
661 1781 833 1859 Lucilium,
848 1782 932 1846 atttt
944 1792 991 1846 est
1003 1783 1127 1846 antius
1140 1783 1252 1845 arista.
1283 1782 1350 1847 Sed

395 1884 474 1961 iaec,
490 1886 536 1948 ad
547 1884 626 1969 quid
638 1884 751 1947 utilis?
789 1883 867 1949 Tale
888 1884 1001 1969 utique
1015 1895 1064 1947 est
1078 1881 1159 1947 illud
1174 1882 1348 1967 ingenium,

395 1985 484 2074 quod
507 1985 574 2049 sola
596 1984 774 2051 subtilitate
797 1984 971 2063 lasciviens,
994 1984 1083 2050 nulla
1103 1984 1221 2051 residet
1242 1985 1349 2071 gravi·

395 2100 471 2153 tate.
517 2090 589 2153 Hoc
604 2099 665 2165 est,
681 2086 768 2173 quod
783 2088 817 2151 in
831 2086 915 2151 libro
929 2085 970 2150 de
984 2086 1187 2153 institutione
1198 2086 1346 2165 oratoris,

393 2211 600 2277 praeoquum
616 2187 744 2266 dicitur,
760 2201 791 2253 et
805 2210 866 2255 non
881 2200 991 2253 temere
1000 2190 1146 2276 peruenit
1158 2190 1344 2275 adstupens.

396 2290 566 2357 Laudatur
588 2292 621 2356 in
644 2292 762 2378 pueris,
784 2292 839 2357 sed
862 2292 894 2356 in
917 2290 1047 2358 senibus
1067 2292 1292 2373 contemnitur,
1313 2306 1346 2358 et

395 2392 562 2481 culpatur:
585 2394 677 2481 pueri
692 2394 775 2459 enim
797 2418 837 2460 ex
858 2394 919 2460 hoc
933 2394 1026 2460 facile
1045 2417 1145 2483 parva
1164 2395 1298 2477 faciunt,
1312 2408 1345 2461 et

395 2493 527 2559 audacia
541 2496 694 2583 provecti,
705 2497 861 2583 quicquid
876 2509 1021 2584 possunt,
1037 2497 1143 2562 statim
1155 2494 1342 2562 ostendunt:

394 2610 528 2683 possunt
544 2609 651 2662 autem
663 2597 697 2663 id
709 2598 838 2663 demum
854 2599 943 2686 quod
955 2599 987 2663 in
1000 2598 1147 2686 proximo
1157 2613 1215 2665 est.
1239 2598 1346 2664 Verba

393 2700 593 2775 concinnant,
614 2714 646 2765 et
667 2702 867 2778 continuant,
887 2702 955 2766 icc
975 2703 1062 2766 vultu
1079 2702 1237 2777 intersito,
1257 2699 1346 2766 nulla

394 2797 512 2866 tardati
521 2800 713 2866 verecundia
724 2800 901 2887 proferunt.
941 2802 1014 2865 Non
1030 2800 1168 2866 multum
1180 2812 1345 2887 praestant,

393 2900 447 2965 scd
472 2902 547 2983 cito,
570 2922 634 2966 non
661 2902 769 2967 subest
793 2922 868 2964 esra
889 2901 947 2982 vis,
967 2923 1025 2965 nec
1047 2899 1177 2986 penitus
1197 2898 1345 2964 immissis

265 3020 274 3033 ¹
391 3003 554 3069 radicibus
573 3004 698 3069 nititur.
744 3004 792 3068 Ut
815 3025 890 3089 quae
910 3003 978 3068 solo
997 3025 1122 3068 summo
1140 3024 1249 3090 sparsa
1270 3018 1345 3070 sunt

392 3108 526 3184 semiue,
540 3104 673 3170 celerius
694 3128 727 3170 se
748 3104 931 3183 effundunt,
946 3117 979 3170 et
998 3104 1131 3171 imitatae
1150 3104 1255 3192 spicas
1274 3104 1345 3169 her·

390 3208 492 3285 buloe,
507 3208 655 3273 inanibus
670 3205 775 3273 aristis
789 3220 863 3272 ante
885 3228 1016 3272 messem
1030 3206 1223 3272 flavescunt:
1250 3208 1344 3273 sicet

392 3309 530 3396 ingenia,
553 3332 628 3398 quae
647 3308 857 3376 subtilitatem
879 3320 937 3374 aut
957 3307 1081 3396 copiam
1104 3309 1265 3387 affectant,
1288 3310 1343 3375 de-

391 3410 489 3477 ducta
502 3412 673 3497 gravitate,
689 3414 814 3499 placent
829 3410 897 3476 baec
912 3410 1004 3478 annis
1017 3425 1211 3499 comparata,
1226 3411 1342 3477 deinde

392 3526 454 3579 stat
479 3514 653 3601 profectus,
679 3514 848 3581 admiratio
874 3514 1038 3594 decrescit,
1064 3516 1110 3581 sic
1138 3530 1182 3596 et,
1206 3513 1238 3579 in
1263 3516 1343 3581 nisio

391 3616 501 3693 Flavo,
512 3615 569 3703 qui
581 3618 736 3683 referente
747 3618 865 3682 Seneca
876 3616 964 3703 apud
975 3618 1124 3682 Arellium
1133 3616 1341 3701 declamabat,

391 3716 513 3803 aliquid
541 3732 634 3785 extra
657 3720 871 3807 eloquentiam
898 3719 1152 3795 commendabat,
1182 3723 1219 3784 in
1238 3741 1342 3805 puero

389 3820 509 3885 scilicet
538 3820 750 3905 eloquentiam
788 3819 973 3884 lenocinium
1001 3832 1070 3884 erat
1100 3819 1220 3904 ingenii
1249 3834 1339 3889 setas.

393 3920 455 3983 Sed
486 3943 544 3985 nee
570 3920 738 3985 verborum
765 3919 856 4006 copia
886 3931 1043 4006 perpetuo
1072 3919 1198 3984 laudem
1224 3919 1340 3988 habet:

390 4032 428 4083 ut
454 4020 605 4085 enimait
632 4014 793 4097 Sidonius,
819 4040 880 4084 non
906 4032 951 4084 est
974 4023 1075 4101 major
1092 4021 1198 4105 plotio
1223 4022 1342 4086 dicim

389 4122 473 4209 φωτί
496 4124 627 4197 umeris,
653 4143 743 4209 quom
772 4122 894 4185 siluisse
919 4122 1003 4208 quod
1025 4123 1153 4186 nucius.
1214 4122 1276 4186 Sed
1306 4135 1339 4185 et

390 4222 502 4287 Cicero
524 4222 621 4287 verba
645 4222 820 4308 redarguit,
841 4245 916 4308 quoe
939 4222 1006 4286 siue
1029 4221 1178 4297 utilitate,
1201 4233 1258 4284 aut
1285 4242 1339 4282 vo-

388 4323 513 4408 luptate
536 4337 600 4389 tam
625 4322 769 4401 dicentis,
792 4346 887 4410 quam
909 4320 1069 4387 audientis
1090 4320 1247 4385 inutiliter
1266 4340 1338 4405 pro-

386 4426 545 4493 feruntur.
590 4426 723 4490 Obtinet
739 4426 820 4490 enim
837 4424 919 4489 illud
936 4422 1112 4508 poeticum:
