3625 5317
396 802 467 849 cnr.
482 784 582 859 xus]
743 796 985 845 uarsroarcus.
1284 788 1349 847 20⁶

395 968 459 1020 tem
480 974 612 1040 quoque
635 948 697 1016 Dei
720 958 863 1034 patenter
883 948 1026 1036 exponit,
1044 962 1083 1013 ut
1107 949 1187 1017 sciat
1210 950 1348 1038 quisque

393 1056 475 1143 quid
499 1055 604 1141 ipsum
630 1063 775 1137 oporteat
801 1051 916 1117 lacere.
960 1052 1006 1116 Et
1033 1050 1108 1137 quia
1133 1064 1199 1117 tam
1224 1074 1347 1132 sensus,

394 1178 490 1243 quam
507 1154 587 1219 ratio
599 1153 738 1217 humane
751 1152 935 1238 frequenter
945 1164 1041 1232 errat,
1049 1152 1090 1217 ad
1105 1151 1346 1239 intelligentiam

392 1257 545 1333 veritatis,
560 1255 698 1342 primum
715 1254 958 1319 fundamentum
972 1255 1130 1320 locaritio
1146 1255 1221 1321 lide.
1257 1256 1346 1321 Hinc

393 1372 442 1425 eat
459 1357 541 1424 illud
567 1355 722 1434 Philonis,
739 1356 772 1420 iu
791 1354 874 1421 libro
896 1356 1082 1444 Sapientiae:
1107 1358 1171 1432 Qui
1190 1358 1348 1443 confidunt

394 1462 429 1524 in
446 1461 595 1539 Domino,
604 1460 780 1543 intelligent
794 1461 966 1537 ueritatem,
975 1459 1122 1542 ctfideles
1135 1462 1171 1525 in
1185 1461 1348 1527 dilectione

394 1564 594 1647 adquiescant
608 1562 670 1626 illi.

395 1753 475 1837 Cap.
490 1752 542 1815 42.
576 1748 669 1827 Quod
691 1748 828 1815 visibilia
846 1758 1030 1833 argumenta
1050 1750 1192 1815 mundum
1209 1753 1349 1817 cundati

434 1852 594 1935 subjectum
617 1872 680 1917 esse
700 1851 907 1923 conducunt,-
933 1862 965 1915 et
985 1872 1055 1935 quae
1072 1850 1277 1936 causasuerit
1296 1853 1348 1917 tic

423 1957 568 2038 finiendi
581 1955 702 2020 librum.

441 2075 508 2138 Suu
523 2073 591 2138 haec
613 2073 778 2137 haetenus.
823 2072 899 2136 Jam
920 2069 1002 2136 enim
1025 2070 1101 2137 flere
1121 2072 1346 2159 magistrat,

392 2196 490 2261 quam
513 2174 665 2239 scribere:
696 2186 729 2239 et
758 2171 876 2239 visibili
902 2188 1091 2259 argumento
1116 2174 1231 2239 doceor
1254 2176 1345 2262 quod

393 2273 533 2340 mundus
548 2286 634 2341 totus
649 2274 791 2361 subjacet
806 2275 953 2341 vanitati.
994 2276 1247 2363 Expectavimua
1260 2280 1345 2343 enim

395 2400 515 2464 pacem,
530 2391 562 2444 et
582 2400 654 2443 ecce
674 2378 815 2443 turbatio
833 2390 865 2443 et
884 2390 1056 2466 tempestas
1078 2380 1231 2466 ingruens
1249 2380 1346 2445 Tolo-

393 2481 489 2561 sanis,
508 2479 630 2566 Anglos
652 2492 684 2545 et
709 2478 820 2545 Gallos
840 2479 984 2567 undique
1006 2481 1164 2547 concitat:
1194 2494 1227 2547 et
1241 2504 1344 2569 reges,

394 2604 476 2667 quos
490 2581 693 2647 amicissimos
708 2581 858 2660 vidimus,
868 2604 900 2647 ae
911 2582 1135 2649 insatiabiliter
1147 2604 1346 2669 persequun-

394 2694 460 2748 tur.
506 2684 561 2747 Ad
585 2684 664 2761 haec,
680 2705 764 2747 mors
786 2682 907 2746 domiui
923 2682 1059 2746 Adriani
1075 2682 1199 2748 Summi
1213 2684 1346 2748 Pontifi-

394 2784 451 2861 cis,
467 2806 568 2872 quum
584 2808 693 2850 omues
709 2784 900 2849 Christianae
914 2782 1078 2868 religionis
1091 2780 1230 2869 populos
1244 2787 1348 2849 natio-

394 2908 514 2972 nesque
535 2884 784 2972 perturbaverit,
799 2882 948 2969 Angliam
970 2893 1121 2965 nostram,
1137 2881 1222 2947 uode
1241 2886 1346 2950 fuerat

392 2986 559 3067 oriundus,
588 2984 742 3052 acerbiori
775 2983 885 3049 dolore
920 2983 1101 3060 commorit,
1136 2984 1347 3072 irrigavitque

390 3088 566 3173 lachrymis
586 3086 832 3173 profusioribus.
879 3084 1027 3151 Omnibus
1050 3088 1106 3152 ille
1129 3087 1216 3152 bonis
1223 3088 1348 3175 flebilis

392 3192 516 3267 xcidit,
530 3188 584 3253 sed
597 3189 827 3279 nullifhbv'lior,
839 3210 928 3273 quom
941 3191 1029 3253 miti.
1063 3191 1171 3267 Quum
1183 3191 1268 3255 euim
1279 3213 1346 3256 ma-

393 3306 473 3359 trem
496 3290 639 3369 haberet,
659 3303 691 3357 et
714 3292 844 3357 fratrem
864 3294 1044 3366 uterinum3
1068 3314 1131 3371 me,
1148 3315 1246 3379 qnam
1263 3292 1346 3375 illos,

393 3394 522 3459 arctiori
537 3392 691 3480 diligebat
706 3392 833 3459 affectu.
871 3394 1057 3459 Fatebatur·
1064 3394 1159 3460 etiam
1174 3396 1303 3482 publice
1312 3409 1345 3462 et

395 3508 526 3576 secreto,
540 3494 628 3581 quod
647 3517 697 3560 me
717 3516 785 3580 prae
808 3494 956 3559 omnibus
973 3495 1163 3560 mortalibus
1179 3495 1346 3582 diligebat.

395 3598 478 3662 Eam
493 3597 534 3662 de
549 3620 600 3661 me
614 3608 800 3685 conceperat
817 3596 1010 3683 opinionem,
1027 3609 1064 3662 ut
1082 3597 1209 3682 quoties
1229 3619 1345 3684 oppor-

395 3699 517 3765 tunitas
536 3700 658 3778 aderat,
673 3698 894 3765 conscientiam
919 3721 1008 3763 suam
1029 3698 1063 3763 iu
1083 3714 1255 3786 conspectu
1275 3724 1346 3768 meo

393 3799 559 3865 effundere
580 3799 754 3865 laetaretur.
809 3801 856 3865 Et
878 3822 980 3885 quum
1002 3802 1169 3866 Romanus
1193 3803 1345 3869 Pontifex

394 3914 487 3981 esset,
503 3924 553 3966 me
568 3901 600 3965 iu
609 3904 740 3989 propria
749 3924 855 3967 mensa
865 3900 1027 3987 gaudebat
1039 3901 1155 3967 habere
1163 3905 1343 3971 convivam:

393 4017 426 4070 et
447 4003 583 4068 eundem
598 4004 754 4090 scyphum
776 4013 808 4066 et
823 4000 960 4083 discum,
974 4001 1036 4068 sibi
1057 4003 1185 4068 etmihi
1209 4006 1345 4086 volebat,

392 4118 426 4169 et
440 4104 588 4184 faciebat,
604 4125 654 4168 me
676 4106 842 4180 renitente,
857 4124 924 4168 esse
942 4124 1152 4170 communem.
1197 4103 1254 4168 Ad
1273 4127 1346 4190 pre·

392 4224 447 4269 ces
471 4227 557 4271 meas
582 4204 699 4272 illustri
722 4204 791 4290 regi
814 4204 1005 4290 Anglorum,
1029 4205 1171 4270 Heurico
1194 4204 1346 4284 secundo,

393 4306 545 4373 concessit
565 4318 598 4372 et
612 4306 703 4371 dedit
724 4304 914 4371 Hiberniam
931 4305 1007 4392 jure
1025 4302 1229 4370 haereditario
1246 4310 1347 4391 possi.

394 4407 544 4489 deudam,
569 4407 651 4475 sicut
676 4406 777 4472 literae
798 4406 900 4495 ipsius
923 4417 1081 4473 testantur
1101 4404 1135 4471 in
1157 4403 1345 4473 hodiernum
