3625 5317
477 750 536 807 1³8
731 760 867 805 russeus
883 760 1160 805 saussanmss'srs
1283 742 1365 821 [tm.
1383 760 1423 803 tv.

473 926 581 1012 aliqua
604 938 663 999 est,
686 947 761 1011 quae
787 924 827 987 ad
853 946 1011 988 summum
1034 928 1133 1007 possit
1155 924 1333 986 ascendere.
1381 927 1423 989 Ut

474 1042 579 1091 autem
596 1026 752 1112 opinionis
768 1048 846 1089 meae
857 1026 1018 1111 judicium
1033 1024 1126 1111 plene
1148 1047 1330 1110 cognoscas,
1345 1025 1423 1110 quid

473 1128 514 1192 de
529 1128 588 1191 hoc
604 1150 698 1213 opere
714 1127 858 1207 seutiam,
872 1128 984 1213 paucis
999 1126 1142 1191 adverte.

502 1314 627 1399 Cupis
654 1316 1349 1390 Quodmeruiatoecuulooetaaom:
1371 1321 1401 1377 et

699 1418 786 1481 mede
800 1420 871 1481 deuo
885 1421 1002 1481 sortita
1015 1421 1059 1480 stt
1073 1438 1199 1481 nomen.

517 1538 790 1601 Asssr‘rtcosou
819 1534 951 1620 quidem
980 1533 1129 1618 perutilis
1152 1547 1201 1598 est
1227 1531 1370 1607 scientia,
1393 1545 1425 1595 et

474 1635 540 1700 siue
561 1658 627 1723 qua
648 1636 796 1723 quisquis
822 1636 959 1721 logicum
985 1634 1166 1720 profitetur,
1189 1634 1345 1699 ridiculus
1368 1646 1425 1697 est.

474 1736 524 1803 Ut
539 1761 613 1803 vero
629 1740 711 1803 ratio
730 1737 867 1803 nominis
887 1751 1075 1822 exponatur,
1090 1758 1189 1822 quam
1211 1735 1318 1802 Graeci
1344 1737 1426 1799 Ana·

475 1838 592 1924 lyticeu
608 1840 732 1918 dicunt,
748 1863 807 1906 nos
827 1862 996 1924 possumus
1016 1837 1236 1903 resolutoriam
1254 1838 1427 1924 appellare,

474 1940 661 2006 familiarius
676 1955 780 2005 temen
803 1941 1046 2025 assignabimus,
1059 1938 1087 2002 si
1106 1939 1283 2004 dixerimus
1302 1961 1425 2024 oequam

474 2038 681 2107 locutionem:
705 2064 778 2105 nam
800 2041 846 2105 illi
870 2064 937 2106 ono
959 2040 1095 2126 ecquale,
1116 2045 1211 2105 ierim
1236 2040 1426 2105 locutionem

474 2138 597 2206 dicunt.
636 2142 803 2229 Frequens
818 2156 927 2207 autern
942 2155 1000 2218 est,
1016 2164 1119 2227 quum
1135 2162 1239 2205 sermo
1251 2164 1364 2227 parum
1381 2156 1427 2205 est

474 2240 665 2317 intellectus,
687 2255 723 2307 ut
746 2264 818 2306 eum
842 2242 874 2307 in
898 2244 1054 2308 notiorem
1077 2242 1190 2306 resolvi
1214 2241 1428 2306 desideremus

475 2340 716 2426 aequivalenter:
740 2343 825 2407 unde
846 2356 878 2407 et
896 2346 1055 2429 interpres
1069 2366 1160 2409 meus
1177 2366 1277 2429 quum
1294 2344 1425 2407 verbum

475 2440 602 2507 audiret
626 2443 783 2528 ignotum,
807 2460 839 2510 et
863 2446 1001 2509 maxime
1026 2448 1058 2511 in
1082 2446 1277 2532 compositis,
1300 2444 1426 2509 dicebat

475 2546 640 2609 malatino
669 2548 737 2621 doc,
765 2547 852 2632 quod
888 2546 1015 2611 volebat
1045 2548 1273 2635 aequivalenter
1299 2548 1424 2633 exponi.

475 2644 559 2710 Nem
575 2646 643 2712 lroec
658 2649 808 2713 resolutio
823 2648 1001 2714 intellectui
1016 2650 1057 2714 ad
1074 2652 1238 2714 scientiam
1253 2649 1426 2713 adminicu-

475 2746 560 2813 latur
573 2771 670 2835 quarn
686 2749 873 2838 plurimum.
920 2750 1081 2815 Caeterum
1102 2750 1176 2815 licet
1198 2750 1372 2814 necessaria
1386 2750 1427 2813 sit

476 2846 632 2928 doctriua,
649 2850 728 2915 liber
745 2872 805 2914 non
826 2864 958 2917 eatenus
973 2850 1167 2915 necessarius
1185 2863 1249 2914 est:
1272 2848 1425 2935 quioquid

475 2948 559 3015 enim
581 2954 734 3029 continet,
755 2952 831 3018 alibi
851 2952 978 3017 facilius
996 2966 1027 3017 et
1056 2951 1180 3016 fidelius
1202 2952 1352 3026 traditur,
1373 2954 1425 3016 sed

475 3067 559 3118 certe
582 3055 690 3118 verius
711 3068 768 3119 aut
790 3054 907 3119 fortius
928 3075 1098 3141 nusquam.
1144 3052 1308 3139 Siquidem
1331 3068 1364 3118 et
1386 3054 1427 3117 ab

476 3150 576 3217 invito
590 3152 685 3217 fidem
701 3164 888 3239 extorquet:
913 3154 1036 3241 quippe
1049 3155 1208 3218 violentus
1222 3168 1282 3231 est,
1297 3167 1330 3218 et
1349 3177 1427 3240 quo

475 3252 549 3316 dem
566 3251 713 3317 Caesareo
727 3253 861 3338 impetu,
877 3259 990 3321 nullm
1003 3260 1070 3322 nisi
1091 3260 1181 3321 hoste
1192 3260 1331 3332 subacto,
1346 3278 1430 3339 gau-

476 3352 527 3416 der
542 3353 756 3417 dehereeias:
779 3354 872 3418 amici
887 3358 1023 3439 gratiam
1040 3357 1160 3423 nullius
1176 3359 1327 3423 momenti
1343 3358 1427 3421 lacit.

476 3450 569 3527 Quod
583 3450 693 3537 utique
706 3450 781 3517 satis
796 3454 942 3539 congruit
956 3454 1059 3521 officio
1068 3457 1257 3543 judicantis,
1268 3480 1369 3543 quum
1380 3458 1428 3521 af·

474 3550 576 3617 fectus
589 3551 680 3618 amici
698 3555 746 3618 vel
763 3554 873 3631 hostis,
889 3556 1101 3624 sinceritatem
1112 3558 1228 3643 judicii
1249 3571 1429 3643 pervertere

475 3652 584 3719 soleat.
629 3657 730 3719 Porro
744 3654 963 3741 exemplorum
987 3658 1182 3739 confusione,
1197 3674 1229 3723 et
1245 3659 1428 3744 trajectione

476 3752 651 3836 literarum,
666 3779 748 3841 quas
764 3770 830 3821 tum
847 3758 888 3821 de
909 3756 1078 3836 industria,
1095 3773 1162 3824 tum
1183 3783 1279 3825 causa
1295 3760 1430 3824 brevita-

475 3852 527 3932 tis,
548 3866 617 3917 tum
641 3877 680 3919 ne
702 3856 823 3921 falsitas
844 3858 963 3923 alicubi
985 3860 1205 3946 exemplorum
1232 3874 1429 3945 argueretur,

475 3953 669 4030 interseruit,
685 3954 763 4019 aden
786 3958 939 4021 confusus
957 3972 1017 4035 est,
1033 3972 1070 4024 ut
1093 3982 1165 4024 curn
1187 3983 1303 4045 magno
1322 3960 1430 4025 labore

475 4080 513 4121 eo
536 4056 748 4141 perveniatur,
765 4058 850 4141 quod
875 4060 1022 4123 facillime
1046 4061 1128 4126 tradi
1150 4075 1275 4145 potest;
1307 4076 1340 4127 et
1364 4064 1430 4148 ple·

475 4178 612 4241 rumque
633 4154 710 4219 dum
731 4156 927 4221 mendacium
946 4159 1038 4236 vitat,
1055 4183 1112 4225 nec
1132 4184 1227 4227 verus
1249 4185 1306 4225 nec
1328 4160 1428 4227 falsus

475 4270 535 4336 est,
546 4271 602 4323 aut
617 4258 699 4323 forte
716 4259 882 4323 mentitur:
900 4259 926 4321 si
941 4271 1045 4324 temen
1063 4262 1224 4347 protervia
1237 4263 1427 4328 calumniam

474 4358 560 4424 facie.
