3625 5317
749 786 971 835 unissimus.

384 940 530 1006 Flatibus
545 941 708 1003 assimulat
724 941 855 1005 subtilia
868 962 1001 1025 corpora
1016 954 1149 1021 mentes,

469 1040 691 1125 Mentiturque
705 1042 768 1126 piis
783 1044 915 1125 praemia
929 1046 1016 1108 nulla
1030 1045 1107 1109 dar-i.

383 1141 468 1214 Quid
485 1140 608 1219 deceat,
623 1142 746 1220 nescit;
759 1144 883 1223 Venus,
892 1145 1124 1226 alea,somnus,
1134 1148 1261 1227 odores,
1272 1154 1337 1212 575

469 1242 587 1307 Cressa
601 1243 721 1320 culina,
730 1243 839 1326 jocus,
856 1246 933 1320 otia,
947 1247 1023 1311 rina
1031 1248 1156 1333 juvant.

385 1341 459 1405 lstis
474 1340 633 1406 addantur
648 1344 791 1426 plausus,
807 1344 945 1421 fallacia,
959 1366 1054 1429 nugae

469 1443 515 1505 Et
529 1442 685 1527 quicquid
700 1443 829 1520 mimus,
843 1443 968 1523 histrio,
983 1466 1090 1510 scurra
1104 1450 1251 1530 probant.

529 1542 621 1616 Quod
634 1542 803 1624 Epicurus
819 1562 932 1605 casum
946 1564 1006 1626 pro
1020 1544 1090 1608 Deo
1103 1548 1185 1610 colit.

384 1642 586 1728 Mancipium
603 1644 721 1707 ventris
735 1666 800 1707 non
817 1659 917 1720 curat,
932 1644 1009 1729 quid
1024 1648 1066 1710 sit
1078 1648 1258 1725 honestum,

470 1744 708 1827 Fortunamque
725 1753 817 1827 putat
830 1745 973 1807 numinis
988 1767 1059 1809 esse
1074 1747 1156 1824 loco,
1273 1752 1336 1811 580

385 1843 440 1906 Nil
455 1844 578 1907 ratione
591 1844 668 1926 geri,
683 1844 741 1907 sed
756 1867 833 1910 casu
848 1856 986 1922 cuncta3
1008 1849 1156 1930 voluptas

471 1945 601 2009 Numen
616 1948 785 2027 excolitur,
799 1968 850 2010 res
865 1949 961 2026 mala,
975 1959 1087 2011 venter
1100 1949 1194 2013 edax.

385 2046 440 2109 Nil
455 2047 618 2130 Epicurus
632 2057 726 2126 amat,
741 2048 805 2111 nisi
820 2049 908 2134 qnod
925 2050 1026 2112 ventri
1041 2051 1222 2134 Venerique

472 2148 633 2226 Immolet,
647 2159 680 2214 at
695 2152 796 2214 ventri
812 2151 942 2214 victima
955 2154 1057 2235 prima
1072 2153 1169 2216 cadit.

387 2248 538 2333 Ordoque
552 2253 764 2315 membrorum
782 2252 930 2317 vitiorum
946 2255 1090 2336 germina
1103 2256 1212 2330 nutrit,
1270 2259 1334 2319 585

471 2352 518 2413 Et
532 2353 607 2433 gula
622 2350 677 2417 dat
693 2354 810 2418 Veneri
825 2355 959 2433 semine,
975 2378 1129 2440 spemque
1145 2356 1242 2420 fovet.

616 2454 840 2536 Quirsmctus
853 2456 1101 2537 Epicureorum.

386 2552 509 2630 Hostia,
525 2574 620 2637 quam
636 2570 753 2621 mactat
766 2558 885 2621 ventris
901 2559 1100 2642 Venerisque
1115 2557 1276 2629 sacerdos,

473 2652 622 2735 Congrus
637 2674 696 2737 pro
712 2656 835 2728 meritis,
845 2657 978 2737 praemia
992 2676 1119 2738 semper
1133 2656 1240 2719 habet.

387 2752 523 2817 Praemia
535 2754 707 2818 mactantis
722 2768 796 2818 sunt
810 2756 912 2835 ignes,
928 2765 1080 2832 stercora,
1093 2774 1217 2816 vermes
1229 2776 1238 2828 ;

472 2853 562 2918 Telis
577 2854 664 2917 enirn
679 2874 801 2917 merces
816 2850 893 2917 telis
907 2872 999 2916 sacra
1013 2852 1116 2916 decet.
1275 2858 1339 2916 590

387 2956 454 3019 Iste
468 2955 640 3039 voluptatis
655 2953 780 3017 stolide
795 2962 870 3018 sunt
883 2952 1010 3036 gaudia,
1024 2952 1098 3015 finis

473 3056 615 3119 Ultimus
631 3076 781 3134 oernmna,
798 3055 900 3138 gloria
915 3074 1039 3117 summa
1052 3051 1167 3136 pudor.

386 3157 529 3221 Numina
543 3156 642 3238 digna
656 3156 755 3221 sacris
769 3165 844 3219 sunt
858 3167 889 3219 et
904 3175 995 3219 sacra
1008 3154 1139 3219 numine
1154 3153 1254 3235 digna

472 3258 518 3321 Et
532 3259 637 3322 cultor
651 3256 754 3333 Deus,
772 3258 876 3321 cultor
889 3268 924 3321 et
937 3258 1009 3339 ipse
1025 3258 1107 3321 Deo.

595 3360 647 3423 De
661 3360 810 3439 dogrrsau
827 3358 1124 3441 Peripateticorum.

389 3460 605 3545 Philosophus
619 3461 722 3543 agiles
736 3462 837 3544 agitat
850 3461 1009 3525 discussio
1023 3482 1138 3535 renim,
1275 3462 1340 3522 595

478 3563 523 3625 Ut
537 3583 646 3625 verum
661 3563 787 3646 possint
802 3563 889 3627 fonte
904 3561 1013 3625 videre
1028 3582 1096 3623 suo.

390 3664 464 3729 Veri
480 3665 564 3739 fons,
579 3662 652 3727 idea
666 3665 755 3740 boni,
772 3662 858 3748 qnod
875 3671 964 3740 sunt,
978 3662 1055 3725 facit
1069 3682 1140 3725 esse
1205 3709 1212 3727 .

475 3765 607 3847 Singula
622 3786 679 3847 pro
697 3765 824 3847 generis
840 3762 1026 3828 conditione
1042 3762 1101 3825 sni.

390 3864 465 3927 Hoc
480 3884 581 3927 rerum
599 3884 704 3927 causae
721 3872 851 3927 manant
866 3863 906 3925 de
921 3862 1022 3936 fonte,
1038 3862 1169 3943 suisque

474 3964 688 4047 Respondent
702 3966 808 4029 causis
823 3964 931 4027 omnia
944 3966 1015 4046 lege
1030 3963 1114 4027 data.
1277 3966 1340 4024 600

562 4066 615 4130 Dc
630 4068 842 4147 legencium
857 4070 1025 4126 cinctura
1040 4070 1158 4127 creato.

388 4170 458 4233 Lex
474 4178 523 4233 est
539 4188 707 4232 causarum
723 4166 830 4241 series,
846 4176 958 4228 natura
975 4176 1083 4228 creata

476 4270 622 4333 Effectus
638 4269 741 4331 causis
756 4265 961 4331 assimilando
976 4266 1069 4349 parit

390 4372 567 4435 Causarum
583 4370 697 4433 seriem
714 4368 856 4450 disponit
871 4388 995 4430 summa
1010 4376 1160 4448 potestas,

439 4488 511 4535 voa.
530 4492 561 4535 v.
876 4488 892 4529 s
