3625 5317
397 826 470 873 car.
488 812 526 891 1.]
761 830 1003 876 usranonrcns.
1292 816 1350 875 ttr

396 978 452 1041 sed
462 1001 563 1064 quum
572 979 684 1067 primae
694 980 768 1060 sint,
777 1002 816 1043 ex
829 980 1034 1045 translatione
1044 978 1189 1044 devocari
1199 978 1238 1043 sd
1249 976 1343 1043 sliam

395 1079 664 1165 significationem.
707 1082 808 1159 Quod
827 1083 904 1169 quia
925 1106 987 1147 non
1006 1093 1149 1159 umatus,
1163 1082 1221 1147 sed
1239 1106 1344 1148 neces-

394 1180 498 1246 sitatis
526 1206 632 1260 causa‚
663 1184 830 1271 contingit,
856 1183 1100 1271 equivocationi
1129 1195 1343 1270 comparatur.

392 1282 533 1349 Tertiam
558 1286 699 1372 ejusdem
724 1286 855 1372 apponit
887 1286 1043 1351 Boethius
1070 1285 1343 1371 significationem,
1378 1339 1382 1345 .

392 1382 511 1463 dicens,
533 1386 666 1451 formam
687 1387 926 1452 substantialem
947 1388 1074 1473 speciei,
1095 1399 1175 1474 puts
1194 1386 1343 1451 humaui·

393 1498 501 1562 tatem,
523 1488 659 1555 hominis
678 1478 813 1575 speciem
834 1487 997 1574 appellari.
1043 1487 1107 1553 Sed
1129 1487 1222 1565 hanc,
1247 1490 1341 1553 subti-

391 1593 451 1665 lem
466 1595 596 1673 speciem
618 1596 776 1671 nominat,
793 1602 825 1655 et
844 1613 884 1655 ex
906 1587 1063 1653 industria
1082 1588 1203 1664 asserit,
1224 1612 1243 1652 a
1264 1593 1341 1653 Por·

390 1691 508 1777 phyrio
524 1692 778 1776 praetermissam,
793 1714 832 1755 ne
848 1690 946 1755 nimia
967 1690 1125 1775 gravitate
1140 1690 1342 1754 introducen-

390 1792 507 1856 dorum
523 1792 646 1859 snimos
660 1793 845 1857 retardaret.
891 1791 976 1870 Quid
998 1814 1076 1875 ergo
1090 1790 1150 1855 sibi
1166 1789 1267 1855 voluit
1282 1790 1341 1877 qui

390 1917 453 1959 non
476 1895 571 1961 modo
590 1895 672 1960 hanc
692 1907 802 1960 contra
821 1893 986 1959 consilium
1005 1894 1155 1974 auctoris,
1175 1891 1230 1957 sed
1251 1892 1341 1980 quic-

386 1994 466 2081 quid
490 1996 578 2061 aliud
603 1996 778 2082 excogitari
799 2009 915 2084 potest,
938 1995 1118 2080 adjiciunt?
1151 1998 1223 2060 Hoc
1244 1994 1340 2059 credo

388 2113 556 2187 appetunt,
581 2114 616 2165 ut
639 2100 808 2166 videantur
830 2100 932 2165 multa
958 2100 1048 2179 scire,
1072 2112 1105 2163 et
1128 2098 1338 2174 benedixisse,

389 2224 490 2287 quum
513 2201 546 2266 id
566 2202 701 2286 egerint,
717 2214 754 2267 ut
776 2202 879 2267 minus
898 2201 1017 2266 suerint
1038 2200 1200 2267 intellecti.
1247 2200 1337 2265 idem

389 2302 445 2366 liat
466 2302 497 2367 in
519 2302 707 2383 differentis,
726 2304 866 2391 proprio,
889 2316 921 2368 et
944 2302 1114 2368 accidente.
1162 2301 1338 2367 Vocabulo-

390 2422 460 2465 rum
471 2402 653 2488 simpliciter
662 2406 845 2489 aperiantur
857 2402 1110 2489 significationes,
1120 2401 1339 2488 apprehenda·

392 2514 446 2567 tur
470 2502 535 2581 ills,
557 2526 633 2590 quae
659 2504 820 2589 proposito
844 2504 1003 2591 congruit,
1029 2525 1086 2589 per
1109 2503 1338 2589 descriptiones

390 2604 588 2683 certissimas,
606 2606 721 2670 deinde
741 2608 938 2691 singulorum
962 2618 1135 2693 sequantur
1156 2606 1335 2670 divisiones.
1366 2684 1369 2687 ᾗ

392 2708 557 2772 Postremo
580 2708 767 2773 differentias
794 2708 991 2794 singulorum
1021 2707 1062 2771 ad
1092 2706 1230 2790 singula,
1253 2706 1337 2771 sicut

389 2822 573 2883 occurrunt,
589 2810 621 2873 in
642 2808 809 2894 superficie
828 2808 1042 2890 assignentur:
1066 2817 1096 2868 et
1120 2805 1337 2889 Porphyrium

390 2909 564 2995 perlegisti.
611 2909 736 2976 Littera
751 2907 833 2971 enim
856 2907 996 2971 suaviter
1018 2902 1209 2968 excutienda
1230 2916 1289 2980 est,
1305 2914 1336 2966 et

387 3032 450 3073 non
467 3031 553 3072 more
568 3007 767 3093 captivorum
783 3006 895 3069 acerbe
918 3002 1109 3089 torquenda,
1130 3002 1230 3067 donec
1250 3002 1339 3067 resti-

387 3122 458 3175 tuat
474 3108 563 3192 quod
579 3129 640 3172 non
656 3108 787 3193 accepit.
833 3110 933 3172 Porro
944 3116 1091 3169 austerus
1111 3103 1204 3169 nimis
1225 3117 1257 3170 et
1277 3105 1337 3169 du-

387 3232 443 3276 rus
466 3212 699 3295 magistatem,
722 3208 835 3273 tollens
860 3208 948 3294 quod
975 3208 1114 3293 positum
1138 3229 1201 3272 non
1222 3219 1282 3287 cst,
1302 3220 1336 3273 et

387 3325 509 3377 metens
533 3310 619 3397 quod
647 3332 707 3374 non
734 3322 783 3374 est
809 3309 1010 3390 seminatum,
1035 3310 1092 3396 qui
1119 3310 1334 3397 Porphyrium

386 3411 472 3499 cogit
487 3413 616 3491 solvere,
632 3411 719 3498 quod
734 3434 842 3477 omnes
856 3410 1036 3497 philosophi
1054 3428 1257 3498 acceperuut:
1281 3413 1334 3477 cui

387 3515 583 3579 satisfactum
609 3528 754 3596 nonest,
780 3513 839 3578 nisi
869 3512 996 3577 libellus
1024 3511 1147 3588 doceat,
1174 3511 1333 3601 quicquid

387 3616 503 3681 alicubi
523 3617 676 3703 scriptum
696 3613 866 3681 invenitur.
914 3612 1012 3677 Plane
1032 3614 1149 3679 veritas
1167 3626 1215 3679 est
1232 3617 1334 3679 amics

385 3717 594 3805 simplicitati:
618 3733 651 3781 et
673 3722 731 3800 qui
753 3718 931 3782 indebitum
952 3716 1066 3797 mugit,
1087 3718 1172 3798 quod
1194 3716 1333 3781 deditum

382 3831 451 3883 crat
468 3822 620 3903 accipere,
635 3822 810 3901 scepisss'me
823 3820 1009 3883 demeretur.
1046 3817 1208 3903 Quicquid
1224 3834 1331 3884 autem

384 3920 501 3986 litterae
515 3920 611 3986 iacies
625 3919 755 3995 indicat,
770 3920 869 3983 lector
882 3919 986 3984 tidelis
1000 3933 1033 3983 et
1051 3921 1191 4006 prudeus
1208 3923 1332 3990 interim

385 4034 552 4087 veneretur
567 4035 604 4086 ut
618 4036 865 4099 sacrosanctum,
880 4022 981 4086 donec
994 4022 1025 4087 ei
1038 4020 1103 4085 alio
1117 4023 1260 4103 docente,
1276 4040 1332 4091 aut

382 4124 521 4189 Domino
544 4122 715 4204 revelante,
735 4124 849 4189 veritas
871 4122 997 4209 plenius
1017 4138 1049 4188 et
1073 4125 1261 4192 familiarius
1282 4127 1330 4191 in·

379 4237 531 4290 notescat.
574 4224 668 4303 Quod
684 4228 765 4290 euim
783 4247 867 4290 unus
882 4225 1019 4291 fideliter
1033 4240 1066 4291 et
1083 4227 1203 4291 utiliter
1222 4227 1327 4303 docet,

379 4325 460 4390 alter
485 4350 578 4413 seque
601 4325 738 4389 fideliter
763 4341 794 4391 et
826 4327 949 4391 utiliter
973 4327 1118 4391 dedocet.
1164 4325 1327 4411 Siquidem

378 4441 463 4493 recte
473 4427 616 4493 docentis
626 4426 763 4491 officium
775 4450 833 4513 pro
842 4429 965 4493 ratione
975 4428 1126 4512 temporis
1134 4442 1167 4491 et
1176 4450 1328 4512 personae,
