3625 5317
677 781 754 826 vrrs
769 781 892 829 seuera
905 781 1065 828 sussum.
1282 773 1353 833 348‘

390 931 578 1017 apostolice
593 931 791 1016 majestatem
816 943 872 998 aut
893 956 998 1000 meam
1021 933 1176 1000 dedeceat
1197 936 1346 1003 honesta·

390 1033 487 1098 tem.”
530 1033 706 1098 Venientes
721 1043 827 1099 autem
843 1035 980 1098 Romam
998 1035 1110 1099 nuncii
1123 1057 1198 1100 cum
1223 1038 1346 1102 archie-

391 1137 574 1220 piscopo,a
595 1133 726 1199 domino
752 1137 900 1201 Paschali
923 1157 1020 1221 papa,
1035 1137 1091 1221 qui
1115 1139 1249 1203 Urbano
1272 1161 1345 1204 sne-

394 1243 543 1312 cesserat,
558 1235 696 1317 benigne
711 1236 831 1319 recepti
846 1249 929 1300 suut.
975 1236 1106 1300 Exinde
1128 1260 1187 1302 suo
1201 1251 1346 1323 tempore

393 1334 587 1409 willelmus,
602 1333 643 1397 do
663 1357 727 1418 quo
743 1355 850 1418 supra,
866 1355 995 1398 causam
1009 1337 1095 1417 regis
1108 1340 1282 1421 exposuit;
1307 1362 1345 1404 so

393 1437 476 1500 inter
505 1445 620 1500 caetera
644 1436 762 1511 intulit,
786 1435 873 1518 quod
896 1457 956 1499 rex
978 1458 1038 1500 nee
1061 1457 1119 1520 pro
1140 1441 1229 1521 regni
1250 1441 1347 1505 amis·

394 1538 485 1602 sione
501 1537 707 1602 eeclesiarum
729 1537 932 1602 investituras
951 1538 1014 1602 sibi
1037 1550 1197 1622 pateretur
1219 1540 1346 1605 auferri.

395 1638 454 1701 Ad
476 1659 548 1724 quae
579 1639 745 1703 Paschalis
770 1660 857 1723 papa
879 1640 1056 1722 respondit.
1099 1641 1166 1705 “Si
1190 1662 1250 1706 rex
1273 1652 1348 1708 tuus

395 1761 456 1804 nec
472 1759 531 1822 pro
545 1741 636 1822 regui
651 1738 822 1805 amissione
845 1741 1052 1804 eeclesiarum
1077 1741 1267 1806 donationes
1292 1765 1349 1827 pa-

395 1843 492 1906 tietur
505 1841 669 1914 emittere;
698 1842 782 1905 scias
796 1852 829 1904 et
843 1841 873 1904 ei
887 1840 1026 1906 fideliter
1038 1844 1173 1916 referasr
1196 1864 1272 1908 ecce
1286 1866 1348 1927 ego

397 1964 505 2009 coram
520 1944 593 2006 Deo
607 1943 730 2027 loquor,
747 1942 824 2027 quia
837 1963 897 2006 nee
922 1963 980 2026 pro
998 1944 1048 2008 sui
1070 1944 1186 2027 cepitis
1203 1944 1350 2029 redemp-

396 2046 484 2108 tione
509 2065 564 2108 eas
589 2043 636 2106 illi
664 2042 831 2106 Paschalie
856 2043 987 2126 impune
1013 2045 1176 2128 permittet
1200 2046 1349 2110 habere.”

396 2149 443 2212 Et
457 2146 587 2231 quidem
603 2165 699 2210 causa
716 2144 800 2227 regis
823 2153 899 2210 tunc
924 2145 958 2208 in
981 2145 1033 2212 his
1054 2144 1172 2210 finibus
1195 2149 1351 2214 subsistit.

398 2250 560 2324 Quantum
582 2267 654 2310 vero
678 2247 831 2310 Auselmo
855 2246 1024 2310 Paschalis
1045 2245 1196 2313 detulerit
1217 2260 1250 2314 et
1272 2271 1352 2316 con·

398 2349 506 2412 tulerit
528 2359 671 2432 tempore
697 2367 767 2426 suo,
789 2347 892 2430 liquet
917 2367 959 2410 ex
982 2349 1102 2412 multis.
1145 2350 1190 2412 Ei
1211 2371 1351 2435 namque

398 2449 567 2532 primatum
582 2447 768 2524 Britanniae,
783 2467 876 2530 quem
892 2467 912 2508 a
923 2457 1065 2533 tempore
1080 2449 1165 2514 beuti
1181 2452 1351 2534 Augustini

399 2560 614 2615 antecessores
643 2549 829 2626 habuerant,
859 2549 1068 2613 confirmavit.
1114 2552 1190 2616 Hoc
1224 2574 1353 2640 quoque

399 2652 611 2735 personaliter
624 2650 822 2732 privilegium
840 2649 949 2721 dedit3
978 2659 1015 2712 ut
1029 2651 1071 2712 ab
1087 2652 1229 2713 omnium
1249 2654 1354 2734 Lega-

399 2765 503 2818 torum
526 2750 648 2813 ditione
669 2746 778 2832 quoad
798 2748 916 2810 viveret
938 2758 1021 2812 esset
1042 2759 1223 2833 exemptus.
1267 2753 1354 2817 Prn-

400 2862 490 2918 terea
504 2847 675 2912 Girardum
690 2848 930 2910 Eboraeensem
952 2848 1180 2931 professionem
1196 2850 1354 2918 Anselmo

401 2953 504 3017 lacere
521 2948 748 3012 detrectantem
763 2968 861 3012 causa
876 2949 1005 3031 cognita
1020 2951 1125 3032 coegit
1139 2949 1299 3033 profiteri;
1322 2962 1355 3017 et

401 3055 429 3118 si
452 3055 687 3118 circumventus
713 3047 909 3133 quandoque
933 3051 967 3114 in
994 3053 1188 3116 contrarium
1214 3054 1352 3137 scripsit.

402 3155 539 3220 Secutus
554 3153 639 3216 euim
651 3163 700 3216 est
714 3151 913 3214 decisionem
928 3173 1034 3216 censae
1049 3153 1220 3218 Lanfrauci
1232 3165 1353 3237 tempo·

400 3253 489 3320 ribus
515 3252 556 3316 ab
582 3251 770 3316 Alexandro
798 3252 947 3316 Romano
974 3252 1129 3335 pontifice
1158 3251 1260 3339 [qnae]
1290 3258 1354 3320 sol·

401 3354 552 3420 lemuiter
574 3353 658 3417 lacte
679 3362 728 3416 est
749 3363 782 3414 et
804 3351 838 3415 in
864 3354 1053 3438 scripturam
1079 3355 1217 3421 redacta
1264 3355 1355 3421 Indi·

405 3455 558 3522 canthoc
581 3455 693 3518 litleroe
714 3453 795 3538 ejus,
812 3475 884 3538 quas
907 3455 941 3517 in
963 3455 1117 3519 Ecclesia
1131 3455 1354 3526 cantuariensi

403 3557 510 3622 adhuc
523 3556 783 3620 extantbullatae.
828 3554 916 3629 Quid
927 3553 1046 3619 multa?
1071 3577 1135 3618 non
1151 3557 1356 3622 meminimus

403 3680 514 3744 preces
531 3657 673 3722 Anselmi
688 3657 843 3740 repulisse
859 3657 1050 3721 Paschalem
1067 3675 1196 3740 papam,
1212 3657 1261 3720 vel
1281 3678 1355 3748 qun

404 3762 609 3826 innotuerant
625 3758 787 3822 distulisse
802 3771 886 3823 vota.
