3625 5317
390 784 481 830 sscr.
498 770 560 845 vn]
685 784 726 829 us
741 782 869 829 senisu
887 783 1055 829 snersms.
1283 772 1346 831 225

389 956 444 999 vos
467 936 588 1002 scilicet
611 936 720 1015 fictile,
735 934 789 999 sed
812 935 990 1000 timendum
1014 958 1053 1000 ne
1075 934 1132 1000 liat
1152 956 1207 999 vas
1228 948 1340 1000 contu-

387 1038 509 1112 melioe3
532 1037 572 1102 sd
597 1038 698 1123 quid;
731 1050 767 1102 ut
791 1050 971 1105 revertatur
994 1037 1028 1101 in
1055 1035 1218 1123 pulverem
1246 1051 1340 1103 tenoe.

387 1140 474 1203 Hinc
489 1140 555 1204 Job
571 1163 604 1203 se
618 1144 650 1205 io
666 1139 798 1227 pulvere
814 1138 923 1205 sedere
937 1152 968 1203 et
984 1139 1122 1203 dormire
1136 1138 1225 1205 dicit.
1255 1140 1339 1217 [Job

386 1240 453 1305 xlii.
469 1242 517 1322 a]
565 1241 602 1305 ln
617 1240 749 1327 pulvere
766 1240 854 1306 sedet
869 1252 900 1305 et
916 1240 1054 1313 dormit;
1078 1240 1183 1328 quiin
1202 1242 1341 1307 mutabi-

386 1340 464 1405 lium
478 1341 606 1407 levitate
616 1342 750 1430 sopitus,
760 1342 819 1406 nisi
831 1364 948 1427 magno
958 1341 1068 1407 labore
1077 1364 1207 1426 surgere
1216 1344 1337 1430 nequit.

386 1444 474 1507 Hinc
495 1444 614 1524 David,
632 1446 730 1508 Mane
750 1444 881 1517 florest3
905 1454 939 1507 et
953 1456 1031 1508 tunc
1049 1442 1159 1523 Mane,
1175 1444 1209 1508 id
1230 1458 1288 1521 est,
1305 1447 1337 1510 in

383 1544 519 1631 pueritia
530 1559 561 1611 et
578 1546 609 1611 in
620 1546 790 1632 juventute
805 1544 909 1623 floret,
919 1544 974 1609 sed
991 1544 1023 1608 in
1036 1567 1175 1631 vespere,
1186 1545 1220 1609 id
1232 1547 1334 1625 essin

384 1658 487 1713 morte
500 1646 631 1727 decidit,
645 1647 776 1712 indurat
792 1648 824 1711 in
841 1646 1005 1727 cadavere,
1019 1646 1134 1711 arescit
1148 1645 1180 1709 in
1196 1646 1338 1733 pulvere,

383 1748 461 1833 quia
489 1763 561 1835 post
588 1750 746 1813 hominem
777 1749 924 1825 cadaver,
950 1763 1022 1835 post
1048 1747 1184 1812 cadaver
1210 1752 1336 1825 vermis,

383 1861 456 1934 post
468 1872 605 1915 vermem
617 1848 752 1916 efficitur
767 1851 854 1915 cinis.
886 1852 939 1915 Sic
950 1850 1052 1935 igitur
1064 1849 1219 1934 supientia
1233 1850 1265 1913 in
1281 1851 1338 1914 tri-

383 1950 466 2035 pode
487 1951 623 2017 hominis
641 1954 865 2028 conditionem,
882 1952 1130 2017 mutabilitatem
1149 1951 1335 2018 innotescit:

382 2064 414 2116 et
446 2052 495 2118 sui
526 2068 742 2141 contemptum
774 2053 955 2119 evidentius
984 2053 1144 2140 exprimit.
1202 2055 1336 2119 'l'surrs

382 2172 518 2221 sarolus
531 2176 853 2223 couruurrcsrrours
890 2156 1143 2242 Circumspectio
1158 2178 1272 2221 nomen
1287 2171 1335 2220 est

381 2256 614 2342 aequivocatum
630 2259 671 2324 sd
684 2258 759 2323 duo.
793 2260 1045 2344 circumspectio
1056 2280 1205 2344 namque,
1216 2258 1335 2345 species

381 2358 572 2444 prudentias,
584 2360 703 2426 dicitur
717 2361 851 2448 provida
864 2362 1078 2447 gerendorum
1090 2362 1140 2424 vel
1155 2383 1335 2425 sermonum

379 2462 512 2526 cautela.
558 2464 666 2540 Quum
681 2485 757 2527 vero
771 2463 1010 2550 circumspectio
1030 2486 1050 2527 a
1069 2462 1335 2549 contemplatione

381 2563 591 2647 specificatur,
614 2564 710 2629 animi
731 2565 911 2649 exploratio
926 2564 1054 2639 dicitur,
1070 2587 1136 2650 qua
1149 2565 1274 2628 animus
1288 2563 1336 2628 in-

380 2662 523 2742 tellectu,
541 2666 682 2741 consilio,
704 2680 737 2731 et
758 2666 883 2731 delectu
906 2668 990 2732 inter
1011 2665 1174 2729 mundana
1194 2682 1333 2728 oontem-

379 2763 499 2849 platur.
554 2768 687 2832 Animus
721 2788 859 2851 namque
893 2765 1057 2830 intellectu
1088 2787 1145 2851 per
1174 2764 1336 2829 mundana

379 2865 545 2941 discurrit;
570 2870 701 2933 consilio
717 2867 757 2931 de
772 2866 941 2931 mundanis
961 2865 1116 2929 deliberat
1136 2880 1168 2929 et
1188 2864 1333 2950 inquirit,

378 2967 503 3035 delectu
519 2973 601 3035 inter
615 2971 685 3055 ipsa
699 2968 848 3035 discernit
867 2982 899 3032 et
919 2967 1018 3053 eligit.
1065 2966 1238 3030 Discursus
1256 2986 1333 3028 vero

378 3070 492 3145 animi3
515 3072 678 3136 mundana
691 3070 829 3155 concipit
852 3069 1030 3141 mutabilia,
1045 3067 1175 3142 caduca,
1191 3080 1224 3132 et
1245 3080 1332 3131 tran-

377 3172 494 3237 sitoria.
542 3173 714 3260 Inquisitio
728 3173 824 3237 animi
840 3172 1033 3251 deliberans,
1048 3169 1209 3235 mundana
1230 3168 1331 3257 perci·

376 3276 424 3359 pit
439 3298 506 3341 esse
521 3290 584 3341 tam
601 3277 684 3341 bona
699 3296 796 3363 quam
813 3274 905 3346 mala,
924 3274 996 3339 licet
1012 3271 1193 3338 transitoria
1212 3286 1245 3337 et
1263 3287 1329 3338 tam

375 3374 530 3440 bonorum
547 3399 642 3463 quarn
659 3374 814 3441 malorum
830 3374 997 3441 contraria.
1041 3373 1187 3439 Electiva
1205 3372 1329 3439 consilii

376 3476 523 3542 discretio
544 3502 563 3543 a
585 3478 677 3545 mslis
698 3478 814 3543 dividit
837 3478 932 3548 bona,
947 3478 1030 3542 inter
1052 3476 1145 3553 bonu,
1160 3476 1249 3561 eligit
1273 3498 1329 3561 po·

376 3578 468 3654 tiora,
483 3580 565 3645 inter
579 3582 722 3657 adversa,
739 3580 764 3644 si
781 3581 872 3643 vitari
888 3591 1063 3665 nequeunt,
1078 3577 1184 3641 minus
1204 3577 1327 3652 nociva,

375 3679 460 3743 unde
477 3682 659 3762 Terentius,

447 3796 490 3849 lta
501 3803 542 3850 est
553 3799 607 3850 sits
618 3798 729 3851 hominis
742 3798 815 3867 qussi
826 3797 902 3851 ludas
915 3814 973 3849 curn
985 3797 1103 3859 tesseris3

446 3884 474 3933 Si
486 3883 513 3936 id
525 3884 592 3953 quod
603 3902 668 3955 opus
678 3890 719 3936 est
729 3885 813 3955 jsotn,
825 3900 876 3935 non
893 3881 972 3946 cadit,
989 3883 1011 3934 ri
1028 3882 1056 3935 id
1071 3880 1137 3933 forte
1155 3881 1284 3944 ceciderit,
1299 3882 1326 3936 id

550 3976 605 4021 arte
617 3970 739 4037 corrigas.

375 4072 439 4135 His
453 4072 553 4156 igitur
573 4072 677 4137 tribus
698 4073 819 4138 viribus
842 4071 967 4135 arsimus
987 4083 1111 4144 utatur,
1134 4081 1171 4133 ut
1191 4071 1324 4132 circum·

373 4172 511 4257 spectius
525 4173 608 4237 inter
623 4173 784 4239 mundana
799 4170 992 4258 speculetur,
1006 4193 1046 4233 ne
1063 4170 1218 4234 bonorum
1243 4167 1325 4231 mul·

370 4274 507 4339 titudine
521 4274 741 4360 temporalium
756 4273 984 4348 confundatur,
996 4293 1035 4334 ne
1047 4290 1156 4333 eornm
1170 4268 1322 4333 varietate

369 4374 550 4448 seducatur,
578 4396 617 4437 ne
644 4372 832 4438 multimoda
858 4371 1013 4435 malorum
1045 4366 1238 4431 adversitate
1269 4367 1324 4432 de·

407 4494 477 4539 Vol..
503 4496 534 4538 V.
846 4492 868 4538 Q
