3625 5317
416 771 487 818 cir.
506 758 544 837 1.]
772 776 1013 823 unrrnomcus.

699 1078 839 1141 LlBER
861 1079 1086 1150 QUARTUS.

460 1258 598 1322 Renum
623 1256 795 1343 compellor
824 1256 864 1322 ad
895 1260 1058 1324 materiam
1088 1261 1312 1343 intermissam,
1337 1275 1370 1326 et

419 1379 495 1442 quae
521 1357 638 1423 studiis
664 1358 867 1441 gravioribus
896 1359 1000 1425 fuerat
1030 1360 1120 1447 prius
1148 1360 1371 1448 praeponenda.

417 1460 501 1521 Nam
522 1472 554 1523 et
572 1481 737 1544 processus
757 1462 871 1534 atatis,
891 1459 1011 1543 gradus
1029 1460 1161 1537 ordinis,
1180 1462 1371 1527 conditionis

415 1557 529 1635 forme,
549 1572 585 1623 ut
608 1558 649 1623 de
675 1558 917 1623 imminentibus
933 1561 1048 1638 causis,
1069 1579 1102 1625 et
1119 1561 1302 1627 domesticae
1324 1564 1370 1627 rei

416 1660 567 1725 oneribus
580 1660 621 1724 ad
637 1682 777 1746 praesens
792 1673 926 1737 taceam,
942 1666 1181 1748 occupationem
1205 1663 1299 1726 aliam
1315 1686 1370 1727 ex·

417 1760 558 1845 igebaut.
603 1760 666 1826 Sed
682 1762 830 1848 quoniam
846 1763 1008 1828 temeritas
1022 1763 1129 1828 aemuli
1146 1785 1208 1827 non
1224 1763 1371 1849 quiescit,

415 1873 449 1925 et
464 1874 512 1940 tu,
528 1864 579 1927 cui
595 1883 664 1927 mos
678 1863 836 1949 gerendus
852 1876 912 1941 eat,
923 1863 1082 1948 opinionis
1092 1886 1172 1928 mere
1182 1864 1368 1929 sententiam

417 1962 543 2043 quaeris,
567 1985 640 2047 quae
662 1985 722 2048 pro
745 1974 887 2049 tempore
909 1962 1012 2041 licuit,
1035 1964 1195 2028 succincta
1216 1963 1372 2028 brevitate

416 2082 611 2146 percurram.
671 2062 855 2128 Jocundum
894 2062 977 2129 euim
1015 2063 1130 2139 iuerat,
1169 2078 1205 2129 ut
1244 2066 1370 2131 Senecae

419 2163 523 2227 verbis
546 2176 630 2245 utar,
645 2164 677 2227 in
699 2164 832 2250 antiqua
854 2164 957 2229 redire
979 2178 1133 2251 tempora,
1155 2167 1249 2231 etad
1272 2188 1371 2231 annos

417 2265 571 2348 respicere
602 2262 757 2343 meliores,
783 2264 841 2329 nisi
866 2265 1060 2343 amaritudo,
1085 2290 1160 2353 quae
1185 2267 1301 2352 partim
1329 2290 1369 2331 ex

418 2378 538 2446 meatu,
552 2366 668 2453 partim
683 2389 723 2431 ex
738 2365 800 2429 alio
815 2364 1029 2432 sollicitudine
1046 2366 1214 2446 incumbit,
1228 2368 1368 2434 animum

419 2480 644 2552 praegravaret.
690 2468 775 2545 Quia
797 2482 900 2532 tamen
924 2469 1027 2533 visum
1050 2471 1180 2535 esttibi
1203 2492 1310 2534 meum
1337 2480 1370 2533 et

418 2567 580 2633 Cornificii
600 2570 779 2633 examinare
800 2567 993 2644 conflictum,
1008 2569 1142 2650 invitus,
1162 2586 1195 2635 et
1213 2570 1368 2655 quodam-

418 2668 514 2732 modo
538 2682 669 2746 tractus,
692 2669 723 2733 in
747 2669 845 2755 hujus
868 2668 1028 2754 palaestroe
1049 2670 1209 2734 descendo
1230 2694 1368 2736 arenam.

419 2770 481 2834 Sed
497 2770 566 2835 lraec
581 2771 743 2836 hactenus.

483 2959 561 3044 Cap.
581 2964 607 3023 l.
634 2958 726 3033 Quod
739 2960 817 3021 tiber
832 2958 1073 3039 Analyta‘ooram
1089 2965 1136 3022 est
1149 2960 1313 3022 rationum

760 3061 1025 3123 anaminutorius.

459 3180 709 3245 Caurrnccron
723 3175 833 3259 itaque
849 3173 1071 3260 Peripateticae
1093 3173 1281 3261 disciplinae,
1295 3199 1370 3262 quae

417 3300 484 3364 proe
499 3276 622 3341 caeteris
636 3276 668 3339 iu
686 3275 828 3340 veritatis
842 3274 1047 3359 indagatione
1061 3276 1197 3358 laborat,
1211 3277 1369 3345 infelicem

417 3400 572 3443 summam
586 3378 691 3464 operis
705 3376 910 3460 dedignatus,
927 3390 1030 3442 totum
1052 3380 1229 3465 componit:
1253 3392 1368 3458 certus,

417 3477 506 3565 quod
519 3482 676 3566 cujusque
688 3480 765 3543 artis
779 3479 947 3565 perfectio,
958 3477 1092 3564 gloriam
1104 3482 1154 3545 sui
1169 3498 1371 3567 praeconatur

417 3580 566 3645 auctoris.
600 3579 697 3644 Unde
708 3602 809 3665 quum
826 3581 1016 3645 inventionis
1031 3581 1241 3646 instrumenta
1257 3607 1371 3668 procu·

417 3692 516 3748 rasset
530 3694 561 3747 et
578 3704 684 3760 usum,
699 3682 788 3767 quasi
811 3683 844 3745 in
867 3680 1052 3745 conflatorio
1073 3683 1194 3761 sedens,
1210 3686 1370 3751 examina·

416 3784 533 3848 toriurn
557 3782 716 3870 quoddam
741 3782 865 3848 studuit
888 3781 1015 3857 cudere,
1039 3808 1105 3870 quo
1127 3784 1371 3871 diligentissima

416 3885 506 3950 fieret
520 3884 711 3948 examinatio
726 3886 896 3950 rationum.
944 3886 1009 3949 Hic
1031 3902 1136 3951 autem
1158 3901 1206 3954 est
1221 3889 1371 3975 Analyti-

416 4008 525 4050 corum
550 3986 641 4062 liber,
666 3986 722 4072 qui
746 3985 785 4050 sd
808 3985 968 4072 judicium
991 3987 1209 4073 principaliter
1235 4005 1369 4075 spectat,

416 4102 568 4152 ettamen
589 4085 860 4151 adinventionem
882 4087 1083 4173 aliquatenus
1105 4089 1240 4174 proficit.
1286 4090 1369 4155 Nam

416 4188 656 4274 disciplinarum
686 4188 828 4252 omnium
858 4210 1010 4255 connexas
1047 4204 1123 4255 suut
1159 4191 1307 4263 rationes,
1338 4204 1370 4256 et

417 4290 567 4373 quaelibet
591 4289 639 4353 sui
666 4288 890 4376 perfectionem
919 4290 960 4353 ab
985 4290 1055 4353 aliis
1080 4301 1259 4354 mutuatur.
1305 4288 1371 4356 Vix

418 4408 478 4473 est,
504 4414 577 4476 quoe
600 4391 666 4454 sine
689 4390 816 4453 alterius
839 4390 1044 4467 adminiculo,
1067 4391 1092 4453 si
1117 4403 1220 4452 tamen
1244 4391 1371 4456 omnino
