3625 5317
388 770 607 851 csr.xrx1v.]
744 786 987 835 usrsnooroos.
1285 780 1342 839 tal

389 956 450 1017 est,
476 937 600 1005 conscia
624 938 768 1015 rationis,
795 952 828 1003 et
855 937 1084 1025 passibilitatis.
1130 938 1214 1005 Vara
1235 953 1344 1007 autem

388 1042 505 1108 albedo
529 1054 587 1115 est,
614 1062 690 1127 quae
714 1039 872 1106 albificat:
904 1063 980 1125 qnae
1002 1040 1129 1125 justum
1155 1041 1245 1119 facit,
1268 1067 1345 1109 vera

384 1145 523 1233 justitia.
571 1144 604 1207 Si
621 1139 698 1207 mihi
714 1165 775 1207 non
796 1143 911 1217 credis,
927 1142 977 1205 vel
993 1163 1110 1228 magno
1131 1143 1270 1221 Hilario,
1285 1147 1342 1232 qni

391 1246 557 1313 Gallicano
567 1244 724 1310 cothurno
738 1243 909 1320 attollitur,
921 1258 954 1309 et
968 1266 988 1308 a
1003 1243 1137 1311 lectione
1150 1247 1342 1332 simplicium

395 1348 584 1436 proculcat,
598 1368 707 1411 aurem
723 1347 840 1433 proebe.

391 1606 473 1691 Cap.
490 1612 542 1669 at.
569 1602 660 1671 Quod
674 1604 762 1666 homo
777 1604 950 1684 perfectam
966 1627 1026 1669 non
1050 1602 1164 1668 habeat
1181 1606 1344 1684 rationem,

562 1714 591 1768 et
606 1706 688 1789 quod
699 1726 801 1768 uerum
818 1706 1033 1788 multipliciter
1047 1707 1173 1771 dicitur.

437 1867 492 1931 Ur
514 1878 620 1931 autem
644 1887 793 1951 geramus
815 1887 933 1928 morem
959 1864 1083 1942 Stoicis,
1101 1866 1158 1951 qui
1179 1864 1262 1929 circa
1276 1888 1346 1931 ver-

391 1968 506 2033 borum
521 1968 722 2033 analecticem
739 1966 788 2033 vel
804 1966 980 2051 analogiam
996 1967 1218 2050 sollicitantur,
1234 1992 1344 2033 rerum

390 2069 575 2135 dictumest
593 2092 614 2133 a
636 2070 752 2133 Graeco
776 2068 886 2145 heron,
902 2068 989 2155 quod
1006 2068 1135 2135 firmum
1159 2084 1192 2135 et
1215 2069 1341 2146 stabile,

390 2163 445 2236 seu
470 2185 591 2237 certum
616 2187 647 2236 et
672 2172 793 2237 clarum
821 2172 1060 2257 interpretatur.
1107 2174 1194 2237 Hinc
1222 2171 1344 2236 Heroes

388 2273 466 2338 dicti
482 2286 567 2353 sunt,
578 2274 635 2361 qui
646 2274 774 2338 firmum
785 2282 818 2337 et
829 2274 976 2339 stabilem
991 2273 1100 2361 adepti
1112 2287 1187 2340 sunt
1201 2274 1341 2362 gradum

387 2399 427 2439 ex
442 2376 599 2440 consortio
611 2376 788 2455 numinum,
802 2376 923 2461 quibus
937 2400 991 2440 eos
1006 2377 1152 2443 fabulosa
1165 2376 1342 2463 antiquitas

393 2478 532 2543 sociavit.
582 2478 628 2541 Hi
657 2500 731 2541 vero
760 2476 872 2560 ἡμίθεοι,
899 2480 1023 2544 Heroes
1049 2480 1227 2567 nuncupati
1256 2493 1343 2557 suut,

391 2580 473 2645 sicut
498 2579 677 2645 Martianus
700 2579 754 2655 ait,
770 2603 809 2645 ex
832 2604 871 2646 eo
896 2580 984 2667 quod
999 2594 1121 2647 veteres
1135 2598 1251 2647 terram
1276 2582 1346 2668 »leat

391 2681 641 2768 appellaverunt.
686 2686 732 2746 Et
753 2683 812 2747 hoc
835 2682 965 2768 quidem
990 2706 1010 2745 a
1032 2682 1225 2748 certitudine
1245 2684 1345 2748 stabi·

392 2782 490 2848 litatis
504 2807 580 2849 aute.
622 2783 688 2847 Nos
704 2797 822 2856 autem,
837 2804 899 2845 non
915 2782 1080 2862 semideos,
1091 2782 1148 2867 qui
1164 2782 1243 2846 nulli
1256 2796 1343 2863 aunt,

389 2883 444 2948 sed
466 2906 523 2949 nec
546 2885 668 2957 heroes,
684 2884 727 2947 ob
748 2882 891 2969 perfidias
914 2895 1034 2963 notam,
1047 2882 1175 2968 aliquos
1196 2882 1343 2962 dicimus,

388 2985 444 3049 sed
459 2984 695 3051 translationem
707 2984 893 3060 electorum,
905 3004 981 3068 quoe
995 2982 1035 3047 sit
1050 3006 1071 3047 a
1084 2982 1294 3048 fluctuatione
1309 2997 1341 3050 et

389 3086 530 3152 vanitate
544 3087 706 3149 mundana
720 3084 760 3149 ad
776 3084 921 3171 gloriam,
933 3104 1018 3148 verre
1031 3082 1234 3149 certitudinis
1248 3097 1280 3151 et
1291 3085 1344 3149 fir·

387 3210 450 3253 mae
472 3186 666 3264 stabilitatis,
690 3187 786 3251 verbo
812 3186 1025 3272 significamus
1054 3186 1231 3252 Catholico.
1276 3187 1343 3252 Eos

388 3312 570 3377 namque,a
591 3289 840 3364 confirmatione,
862 3310 960 3375 quam
982 3287 1091 3374 adepti
1113 3301 1201 3366 sunt,
1216 3302 1359 3355 sanctos·

387 3391 606 3477 appellamus3
645 3389 803 3478 siquidem
832 3390 964 3467 sancire,
991 3390 1178 3454 confirmare
1203 3405 1270 3456 ests
1308 3406 1342 3456 et

387 3504 526 3573 sanctus,
534 3494 740 3558 confirmatus
749 3493 782 3556 in
794 3493 915 3557 virtute
927 3491 977 3555 vel
989 3491 1101 3577 gloria.
1141 3491 1216 3555 Hoc
1227 3492 1342 3578 utique

386 3608 435 3661 est
450 3618 469 3658 a
484 3595 623 3661 vanitate
645 3596 753 3672 eximi,
768 3608 802 3660 et
822 3594 1007 3660 inveritate
1030 3596 1158 3657 versari.
1203 3591 1342 3658 Proinde

387 3718 511 3777 rerum,
532 3698 592 3762 hoc
618 3698 762 3773 verbum,
784 3695 1033 3761 confirmationis
1059 3706 1135 3759 nota
1160 3706 1222 3770 est,
1244 3693 1342 3759 stabi-

387 3798 574 3886 litatemque
590 3800 748 3885 significat
764 3798 821 3879 rei,
835 3798 887 3863 cui
910 3800 994 3861 ratio
1014 3795 1151 3860 fideliter
1172 3799 1272 3883 possit
1293 3796 1342 3860 in·

385 3900 455 3965 niti.
499 3902 625 3967 Veritas
641 3924 728 3977 vero,
744 3924 857 3965 nomen
874 3897 1080 3965 firmitudinis
1101 3912 1135 3963 et
1157 3898 1342 3964 stabilitatis

386 4016 444 4068 est.
491 4004 558 4067 Nec
572 4015 710 4078 moveat,
724 4002 814 4089 quod
829 4024 888 4089 pro
903 4000 1095 4087 aspiratione
1111 4000 1237 4077 Groeca,
1254 4002 1343 4064 Lati·

388 4128 448 4171 nus
465 4105 608 4192 Vposuit
624 4117 865 4169 consonantem:
888 4124 988 4190 quum
1003 4099 1165 4166 AEolicum
1181 4101 1343 4185 digamma

385 4206 427 4271 ad
443 4207 524 4271 hanc
538 4217 761 4271 consonantem
774 4203 891 4269 multas
902 4203 1018 4267 habeat
1033 4200 1210 4266 affinitates.
1250 4196 1340 4261 Sicut

386 4323 494 4375 autem
511 4324 548 4375 ut
564 4308 611 4373 vis
626 4307 781 4372 sentiendi
797 4318 921 4371 motum
939 4327 1033 4369 suum
1049 4313 1191 4368 exerceat
1207 4297 1341 4378 utiliter,

386 4432 510 4477 necasse
525 4425 573 4477 est
588 4408 720 4496 aliquod
742 4432 818 4491 esse,
833 4408 886 4473 cui
912 4404 1069 4472 stabiliter
1090 4400 1264 4468 innitatur:
1296 4400 1342 4466 sic
