3625 5317
475 769 536 827 lla
737 778 873 823 Josuuts
890 776 1168 823 ssassaenruusrs
1290 758 1373 839 [aaa.
1390 776 1428 823 rr.

476 932 577 999 literre
592 930 742 1007 arbitror,
757 932 813 995 aad
832 928 1051 1003 amicandum,
1073 927 1167 1015 eique
1182 950 1251 992 mos
1265 927 1427 1013 gerendus

474 1048 534 1112 cst,
554 1034 586 1097 in
604 1030 802 1097 admittenda
824 1030 986 1097 licentoris
999 1030 1089 1095 verbi
1112 1029 1346 1097 indifferentia:
1370 1052 1428 1093 nec

475 1136 514 1201 ad
531 1157 654 1199 omnem
673 1132 923 1209 translationem,
938 1145 995 1197 aut
1019 1132 1256 1219 usurpationem
1275 1131 1427 1220 dyscolae,

475 1249 512 1303 ut
526 1236 673 1310 creditur,
696 1234 854 1313 dictionis,
875 1235 1037 1311 lectorem,
1061 1234 1111 1299 rel
1134 1234 1313 1299 auditorem
1336 1233 1426 1300 decet

472 1338 598 1404 dentem
611 1360 756 1404 exercere
770 1337 930 1401 caninum.
976 1339 1070 1412 Quod
1085 1338 1259 1421 molescra,
1274 1359 1426 1411 amaraco,

463 1446 567 1527 feras
602 1444 646 1505 Et
660 1439 753 1527 plane
763 1440 910 1525 ingratos
920 1450 979 1514 est,
992 1452 1024 1504 et
1034 1452 1098 1503 tam
1111 1438 1318 1526 impudentis,
1331 1462 1426 1527 quam

471 1542 684 1630 imprudentis
698 1541 827 1628 ingenii,
843 1541 900 1628 qui
916 1541 957 1606 ad
978 1543 1095 1616 omnia,
1111 1564 1145 1606 se
1159 1540 1314 1616 docentis,
1330 1540 1426 1605 verba

473 1658 630 1726 movetur,
644 1656 676 1709 et
691 1646 719 1708 ei
736 1644 767 1707 in
790 1642 899 1730 aliquo
921 1643 1142 1728 obtemperare
1158 1643 1325 1707 detrectat.
1371 1644 1427 1707 Se·

472 1769 610 1835 quamur
625 1769 701 1831 ergo
718 1746 837 1827 figuras
854 1758 1034 1825 auctorum,
1048 1757 1080 1809 et
1095 1746 1229 1827 ringula
1247 1747 1328 1808 dict
1345 1766 1420 1828 perr·

471 1872 578 1915 semus
592 1872 632 1914 ec
651 1850 759 1913 causis
777 1850 928 1913 dicendi.-
950 1847 1025 1911 inde
1044 1847 1127 1911 enim
1149 1847 1251 1911 tidelis
1273 1847 1426 1912 sumenda

471 1964 519 2016 est
534 1949 752 2032 intelligentia.
798 1948 861 2015 Sed
878 1961 911 2013 et
931 1948 972 2011 rei
996 1970 1109 2011 nomon
1135 1947 1232 2014 latius
1251 1961 1372 2036 pateat,
1387 1959 1424 2012 ut

470 2054 571 2138 possit
585 2050 818 2115 universalibus
833 2052 1011 2127 convenire,
1027 2072 1099 2138 quae
1115 2052 1171 2128 sic,
1185 2064 1315 2116 auctore
1333 2054 1422 2116 Aris·

472 2154 580 2234 totele,
594 2154 818 2239 intelliguntur
831 2154 989 2219 abstracta
1001 2178 1019 2218 a
1030 2154 1256 2239 singularibus,
1270 2168 1305 2219 ut
1318 2168 1423 2220 tamen

471 2280 605 2321 essenon
619 2255 766 2329 habeant,
776 2255 1159 2341 deductissingularibus:
1174 2255 1423 2333 hoceuim,sicut

470 2360 526 2434 sit,
540 2358 596 2423 illa
611 2368 766 2437 asserunt,
777 2358 833 2445 qui
843 2380 945 2443 genus
960 2381 1059 2425 unum
1072 2349 1205 2425 numero
1215 2382 1283 2424 esse
1297 2360 1421 2425 dicunt,

471 2460 510 2527 Id
537 2472 644 2525 autem
674 2458 808 2536 iaciunt,
833 2459 890 2546 qui
917 2459 1036 2523 formas
1061 2458 1143 2524 solas
1167 2473 1312 2545 ponunt:
1335 2458 1423 2525 ideas

471 2558 600 2636 scilicet,
615 2581 697 2646 quas
713 2582 785 2624 cum
801 2572 931 2625 auctore
951 2583 1008 2624 suo
1023 2558 1167 2637 Plutone,
1188 2561 1314 2647 quoties
1326 2561 1423 2627 datur

469 2660 601 2738 occasio,
632 2658 833 2725 vehementer
863 2660 1041 2745 impugnat.
1102 2658 1198 2723 Unde
1227 2659 1299 2725 licet
1330 2661 1424 2725 Plato

424 2750 428 2755 ¹
469 2772 588 2826 coetum
604 2760 867 2848 philosophorum
883 2758 1048 2845 grandem,
1065 2773 1097 2824 et
1113 2773 1177 2823 tam
1192 2760 1423 2843 augustinum,

469 2886 564 2951 quum
574 2863 654 2929 alios
664 2867 773 2950 plnres
782 2878 975 2935 nostrorum,
987 2864 1017 2926 in
1028 2862 1205 2927 statuendis
1215 2862 1295 2927 ideis
1305 2863 1422 2930 habeat

469 2963 1420 3054 assertores,ipsiustamendogmainscrutiniounirersalium

469 3090 673 3155 nequaquam
690 3070 871 3153 sequimurz
896 3088 935 3131 eo
951 3066 1038 3153 quod
1063 3066 1113 3131 iric
1136 3066 1419 3153 Peripateticorum

468 3170 643 3256 principem
676 3170 894 3245 Aristotelem,
924 3166 1083 3254 dogmatis
1119 3168 1217 3255 hujus
1246 3169 1419 3255 principem

466 3269 663 3355 profitemur.
708 3272 864 3353 Magnum
885 3270 1015 3355 quidem
1031 3283 1089 3350 est,
1111 3285 1143 3336 et
1160 3271 1248 3357 quod
1265 3272 1420 3338 Boethius

467 3371 499 3434 in
521 3368 659 3433 secundo
677 3382 854 3433 commento
876 3393 973 3455 super
994 3372 1219 3458 Porphyrium,
1246 3374 1349 3439 minus
1368 3399 1417 3442 ar·

466 3471 569 3536 duum
580 3468 710 3543 fatetur,
723 3480 882 3534 tantorum
893 3470 1033 3535 virorum
1045 3471 1222 3558 dijudicare
1230 3479 1418 3554 sententiam

466 3572 519 3637 sed
543 3570 571 3635 ei
592 3572 647 3658 qui
675 3570 955 3658 Peripateticorum
977 3573 1076 3638 libros
1096 3574 1294 3659 aggreditur,
1316 3579 1418 3664 magis

465 3674 648 3739 Aristotelis
677 3672 831 3739 sententia
860 3674 1022 3761 sequenda
1050 3688 1120 3740 est:
1151 3676 1234 3742 sorte
1257 3701 1318 3743 non
1341 3680 1418 3766 quia

466 3777 581 3851 verior,
597 3776 651 3840 sed
664 3780 756 3863 plane
768 3774 843 3863 quia
853 3776 900 3843 his
916 3776 1092 3865 disciplinis
1101 3780 1204 3865 magis
1215 3781 1416 3846 accommoda

466 3892 523 3945 est.
549 3878 598 3943 Ab
612 3878 671 3943 hac
683 3891 789 3944 autem
803 3878 984 3965 longissime
997 3879 1145 3945 videntur
1156 3881 1335 3960 abscedere,
1352 3899 1416 3948 tam

465 3978 523 4057 illi,
538 3978 593 4065 qui
615 4000 732 4063 genera
747 3992 779 4045 et
794 3980 924 4065 species,
939 4002 1034 4045 voces
1055 4002 1122 4043 esse
1137 3982 1347 4065 constituunt,
1361 3998 1416 4049 aut

466 4103 635 4159 sermones,
650 4103 746 4167 quam
762 4082 828 4158 alii,
844 4082 900 4169 qui
922 4083 1092 4169 praemissis
1106 4082 1147 4147 de
1165 4106 1271 4150 rerum
1287 4085 1414 4151 inresti-

464 4184 590 4268 gatione
602 4182 816 4271 opinionibus,
825 4183 1058 4250 distrahuntur.
1104 4190 1147 4252 Et
1161 4187 1292 4273 quidem
1304 4210 1413 4253 omnes

465 4288 506 4353 ab
523 4286 696 4352 Aristotele
711 4284 866 4374 puerilius
881 4299 938 4353 aut
954 4288 1101 4354 stolidius
1113 4304 1301 4377 evagantur,
1313 4312 1412 4378 quam

466 4387 632 4465 Platonici,
662 4390 755 4474 cujus
777 4392 964 4457 sententiam
988 4415 1157 4479 agnoscere
1186 4393 1413 4477 dedignantur.
