<?xml version="1.0" encoding="UTF-8"?>
<!DOCTYPE html PUBLIC "-//W3C//DTD XHTML 1.0 Transitional//EN"
    "http://www.w3.org/TR/xhtml1/DTD/xhtml1-transitional.dtd">
<html xmlns="http://www.w3.org/1999/xhtml" xml:lang="en" lang="en">
 <head>
  <title>
</title>
<meta http-equiv="Content-Type" content="text/html;charset=utf-8" />
  <meta name='ocr-system' content='tesseract 3.04.00' />
  <meta name='ocr-capabilities' content='ocr_page ocr_carea ocr_par ocr_line ocrx_word'/>
</head>
<body>
  <div class='ocr_page' id='page_1' title='image "./joannissaresber13johngoog_0221.png"; bbox 0 0 3625 5317; ppageno 0'>
   <div class='ocr_carea' id='block_1_1' title="bbox 836 1196 887 1270">
    <p class='ocr_par' dir='ltr' id='par_1_1' title="bbox 836 1196 887 1270">
     <span class='ocr_line' id='line_1_1' title="bbox 836 1196 887 1270; baseline 0 -1"><span class='ocrx_word' id='word_1_1' title='bbox 836 1196 887 1270; x_wconf 87' lang='grc' dir='ltr'><strong>Π.</strong></span> 
     </span>
    </p>
   </div>
   <div class='ocr_carea' id='block_1_2' title="bbox 557 1428 1164 1495">
    <p class='ocr_par' dir='ltr' id='par_1_2' title="bbox 557 1428 1164 1495">
     <span class='ocr_line' id='line_1_2' title="bbox 557 1428 1164 1495; baseline 0.003 -2"><span class='ocrx_word' id='word_1_2' title='bbox 557 1428 750 1493; x_wconf 77' lang='lat' dir='ltr'>JOANNIS</span> <span class='ocrx_word' id='word_1_3' title='bbox 773 1429 1164 1495; x_wconf 85' lang='lat' dir='ltr'>SARESBERIENSIS</span> 
     </span>
    </p>
   </div>
   <div class='ocr_carea' id='block_1_3' title="bbox 475 1646 1243 1725">
    <p class='ocr_par' dir='ltr' id='par_1_3' title="bbox 475 1646 1243 1725">
     <span class='ocr_line' id='line_1_3' title="bbox 475 1646 1243 1725; baseline 0.003 -6"><span class='ocrx_word' id='word_1_4' title='bbox 475 1646 553 1721; x_wconf 89' lang='lat' dir='ltr'><strong>DE</strong></span> <span class='ocrx_word' id='word_1_5' title='bbox 598 1648 858 1721; x_wconf 86' lang='lat' dir='ltr'>SEPTEM</span> <span class='ocrx_word' id='word_1_6' title='bbox 903 1648 1243 1725; x_wconf 80' lang='lat' dir='ltr'><strong>SEPTENIs</strong></span> 
     </span>
    </p>
   </div>
   <div class='ocr_carea' id='block_1_4' title="bbox 383 2110 1336 2280">
    <p class='ocr_par' dir='ltr' id='par_1_4' title="bbox 383 2110 1336 2280">
     <span class='ocr_line' id='line_1_4' title="bbox 383 2110 1336 2196; baseline 0.002 -22"><span class='ocrx_word' id='word_1_7' title='bbox 383 2110 542 2193; x_wconf 77' lang='lat' dir='ltr'><strong>Prologus</strong></span> <span class='ocrx_word' id='word_1_8' title='bbox 564 2113 744 2195; x_wconf 72' lang='lat' dir='ltr'><strong>epistohris</strong></span> <span class='ocrx_word' id='word_1_9' title='bbox 765 2112 801 2174; x_wconf 84' lang='lat' dir='ltr'><strong>in</strong></span> <span class='ocrx_word' id='word_1_10' title='bbox 826 2110 966 2175; x_wconf 82' lang='lat' dir='ltr'><strong>libellum</strong></span> <span class='ocrx_word' id='word_1_11' title='bbox 989 2111 1162 2193; x_wconf 81' lang='lat' dir='ltr'><strong>dereptam</strong></span> <span class='ocrx_word' id='word_1_12' title='bbox 1185 2116 1336 2196; x_wconf 77' lang='lat' dir='ltr'><strong>septenis,</strong></span> 
     </span>
     <span class='ocr_line' id='line_1_5' title="bbox 583 2216 1141 2280; baseline 0.002 -1"><span class='ocrx_word' id='word_1_13' title='bbox 583 2219 704 2280; x_wconf 80' lang='lat' dir='ltr'><strong>editum</strong></span> <span class='ocrx_word' id='word_1_14' title='bbox 720 2238 740 2277; x_wconf 86' lang='lat' dir='ltr'><strong>a</strong></span> <span class='ocrx_word' id='word_1_15' title='bbox 755 2216 886 2279; x_wconf 84' lang='lat' dir='ltr'><strong>Jourrne</strong></span> <span class='ocrx_word' id='word_1_16' title='bbox 901 2216 1141 2280; x_wconf 80' lang='lat' dir='ltr'><strong>Soresberiausi.</strong></span> 
     </span>
    </p>
   </div>
   <div class='ocr_carea' id='block_1_5' title="bbox 379 2370 1334 2763">
    <p class='ocr_par' dir='ltr' id='par_1_5' title="bbox 379 2370 1334 2763">
     <span class='ocr_line' id='line_1_6' title="bbox 425 2370 1332 2461; baseline 0.006 -26"><span class='ocrx_word' id='word_1_17' title='bbox 425 2373 481 2435; x_wconf 78' lang='lat' dir='ltr'><strong>Da</strong></span> <span class='ocrx_word' id='word_1_18' title='bbox 511 2370 704 2435; x_wconf 87' lang='lat' dir='ltr'><strong>difficillimis</strong></span> <span class='ocrx_word' id='word_1_19' title='bbox 729 2372 915 2458; x_wconf 79' lang='lat' dir='ltr'><strong>scripturus</strong></span> <span class='ocrx_word' id='word_1_20' title='bbox 944 2384 1008 2436; x_wconf 89' lang='lat' dir='ltr'><strong>tam</strong></span> <span class='ocrx_word' id='word_1_21' title='bbox 1039 2372 1206 2439; x_wconf 83' lang='lat' dir='ltr'>excellenti</span> <span class='ocrx_word' id='word_1_22' title='bbox 1237 2396 1332 2461; x_wconf 89' lang='lat' dir='ltr'><strong>quam</strong></span> 
     </span>
     <span class='ocr_line' id='line_1_7' title="bbox 381 2472 1334 2562; baseline 0.007 -26"><span class='ocrx_word' id='word_1_23' title='bbox 381 2473 515 2559; x_wconf 74' lang='lat' dir='ltr'><strong>sapienti</strong></span> <span class='ocrx_word' id='word_1_24' title='bbox 546 2474 624 2549; x_wconf 86' lang='lat' dir='ltr'><strong>viro,</strong></span> <span class='ocrx_word' id='word_1_25' title='bbox 662 2472 855 2561; x_wconf 84' lang='lat' dir='ltr'><strong>quibusdam</strong></span> <span class='ocrx_word' id='word_1_26' title='bbox 893 2473 1027 2539; x_wconf 82' lang='lat' dir='ltr'><strong>fortasse</strong></span> <span class='ocrx_word' id='word_1_27' title='bbox 1056 2491 1334 2562; x_wconf 65' lang='lat' dir='ltr'><strong>presumptuosus</strong></span> 
     </span>
     <span class='ocr_line' id='line_1_8' title="bbox 379 2574 1331 2664; baseline 0.007 -28"><span class='ocrx_word' id='word_1_28' title='bbox 379 2575 560 2660; x_wconf 79' lang='lat' dir='ltr'><strong>apparebo:</strong></span> <span class='ocrx_word' id='word_1_29' title='bbox 585 2574 640 2639; x_wconf 85' lang='lat' dir='ltr'><strong>sed</strong></span> <span class='ocrx_word' id='word_1_30' title='bbox 653 2588 756 2639; x_wconf 90' lang='lat' dir='ltr'><strong>tamen</strong></span> <span class='ocrx_word' id='word_1_31' title='bbox 774 2598 834 2639; x_wconf 90' lang='lat' dir='ltr'><strong>oon</strong></span> <span class='ocrx_word' id='word_1_32' title='bbox 847 2578 1025 2661; x_wconf 82' lang='lat' dir='ltr'><strong>praesumit,</strong></span> <span class='ocrx_word' id='word_1_33' title='bbox 1041 2577 1098 2662; x_wconf 91' lang='lat' dir='ltr'><strong>qui</strong></span> <span class='ocrx_word' id='word_1_34' title='bbox 1114 2577 1331 2664; x_wconf 78' lang='lat' dir='ltr'><strong>Pythagoram</strong></span> 
     </span>
     <span class='ocr_line' id='line_1_9' title="bbox 380 2675 1333 2763; baseline 0.004 -25"><span class='ocrx_word' id='word_1_35' title='bbox 380 2677 590 2763; x_wconf 82' lang='lat' dir='ltr'><strong>interpretare</strong></span> <span class='ocrx_word' id='word_1_36' title='bbox 605 2675 779 2751; x_wconf 85' lang='lat' dir='ltr'><strong>studuerit,</strong></span> <span class='ocrx_word' id='word_1_37' title='bbox 795 2675 851 2761; x_wconf 91' lang='lat' dir='ltr'><strong>qui</strong></span> <span class='ocrx_word' id='word_1_38' title='bbox 868 2676 1023 2740; x_wconf 72' lang='lat' dir='ltr'><strong>Minervae</strong></span> <span class='ocrx_word' id='word_1_39' title='bbox 1038 2676 1182 2741; x_wconf 87' lang='lat' dir='ltr'><strong>clavibus</strong></span> <span class='ocrx_word' id='word_1_40' title='bbox 1195 2680 1333 2743; x_wconf 88' lang='lat' dir='ltr'><strong>obscura</strong></span> 
     </span>
    </p>
   </div>
   <div class='ocr_carea' id='block_1_6' title="bbox 248 2776 1332 2864">
    <p class='ocr_par' dir='ltr' id='par_1_6' title="bbox 248 2776 1332 2864">
     <span class='ocr_line' id='line_1_10' title="bbox 248 2776 1332 2864; baseline 0.004 -25"><span class='ocrx_word' id='word_1_41' title='bbox 248 2806 250 2809; x_wconf 95' lang='lat'>·</span> <span class='ocrx_word' id='word_1_42' title='bbox 377 2798 516 2842; x_wconf 90' lang='lat' dir='ltr'><strong>reserare</strong></span> <span class='ocrx_word' id='word_1_43' title='bbox 531 2777 688 2851; x_wconf 85' lang='lat' dir='ltr'><strong>didicerit,</strong></span> <span class='ocrx_word' id='word_1_44' title='bbox 707 2776 764 2863; x_wconf 93' lang='lat' dir='ltr'><strong>qui</strong></span> <span class='ocrx_word' id='word_1_45' title='bbox 786 2776 959 2860; x_wconf 84' lang='lat' dir='ltr'><strong>sapientem</strong></span> <span class='ocrx_word' id='word_1_46' title='bbox 984 2776 1214 2862; x_wconf 66' lang='lat' dir='ltr'><strong>quaestionibus</strong></span> <span class='ocrx_word' id='word_1_47' title='bbox 1230 2800 1332 2864; x_wconf 88' lang='lat' dir='ltr'><strong>usque</strong></span> 
     </span>
    </p>
   </div>
   <div class='ocr_carea' id='block_1_7' title="bbox 372 2876 1331 4090">
    <p class='ocr_par' dir='ltr' id='par_1_7' title="bbox 372 2876 1331 4090">
     <span class='ocr_line' id='line_1_11' title="bbox 379 2876 1330 2963; baseline 0.003 -20"><span class='ocrx_word' id='word_1_48' title='bbox 379 2879 561 2962; x_wconf 82' lang='lat' dir='ltr'><strong>pulsaverit.</strong></span> <span class='ocrx_word' id='word_1_49' title='bbox 612 2878 823 2963; x_wconf 83' lang='lat' dir='ltr'><strong>Proesumpsit</strong></span> <span class='ocrx_word' id='word_1_50' title='bbox 854 2876 970 2942; x_wconf 78' lang='lat' dir='ltr'><strong>Accius</strong></span> <span class='ocrx_word' id='word_1_51' title='bbox 999 2876 1168 2941; x_wconf 87' lang='lat' dir='ltr'><strong>scribendo</strong></span> <span class='ocrx_word' id='word_1_52' title='bbox 1199 2882 1330 2956; x_wconf 84' lang='lat' dir='ltr'><strong>Caesari,</strong></span> 
     </span>
     <span class='ocr_line' id='line_1_12' title="bbox 376 2979 1329 3067; baseline -0.002 -20"><span class='ocrx_word' id='word_1_53' title='bbox 376 2982 426 3047; x_wconf 82' lang='lat' dir='ltr'><strong>cui</strong></span> <span class='ocrx_word' id='word_1_54' title='bbox 439 2982 544 3048; x_wconf 89' lang='lat' dir='ltr'><strong>noluit</strong></span> <span class='ocrx_word' id='word_1_55' title='bbox 564 3004 729 3065; x_wconf 87' lang='lat' dir='ltr'><strong>assurgere</strong></span> <span class='ocrx_word' id='word_1_56' title='bbox 751 2980 783 3043; x_wconf 91' lang='lat' dir='ltr'><strong>in</strong></span> <span class='ocrx_word' id='word_1_57' title='bbox 806 2979 976 3064; x_wconf 81' lang='lat' dir='ltr'><strong>collegium</strong></span> <span class='ocrx_word' id='word_1_58' title='bbox 998 2992 1166 3067; x_wconf 88' lang='lat' dir='ltr'><strong>poetarum</strong></span> <span class='ocrx_word' id='word_1_59' title='bbox 1183 2982 1329 3047; x_wconf 89' lang='lat' dir='ltr'><strong>venienti.</strong></span> 
     </span>
     <span class='ocr_line' id='line_1_13' title="bbox 381 3080 1331 3169; baseline 0.004 -24"><span class='ocrx_word' id='word_1_60' title='bbox 381 3080 568 3169; x_wconf 82' lang='lat' dir='ltr'><strong>Propertius</strong></span> <span class='ocrx_word' id='word_1_61' title='bbox 598 3106 674 3146; x_wconf 89' lang='lat' dir='ltr'><strong>vero</strong></span> <span class='ocrx_word' id='word_1_62' title='bbox 703 3080 826 3166; x_wconf 87' lang='lat' dir='ltr'><strong>scripsit</strong></span> <span class='ocrx_word' id='word_1_63' title='bbox 858 3083 1032 3166; x_wconf 83' lang='lat' dir='ltr'><strong>August03</strong></span> <span class='ocrx_word' id='word_1_64' title='bbox 1056 3084 1208 3167; x_wconf 90' lang='lat' dir='ltr'><strong>quoniam</strong></span> <span class='ocrx_word' id='word_1_65' title='bbox 1238 3097 1270 3149; x_wconf 91' lang='lat' dir='ltr'><strong>et</strong></span> <span class='ocrx_word' id='word_1_66' title='bbox 1297 3088 1331 3149; x_wconf 88' lang='lat' dir='ltr'><strong>in</strong></span> 
     </span>
     <span class='ocr_line' id='line_1_14' title="bbox 375 3182 1330 3270; baseline 0.007 -25"><span class='ocrx_word' id='word_1_67' title='bbox 375 3182 446 3270; x_wconf 90' lang='lat' dir='ltr'><strong>ipso</strong></span> <span class='ocrx_word' id='word_1_68' title='bbox 468 3186 647 3250; x_wconf 88' lang='lat' dir='ltr'><strong>studiorum</strong></span> <span class='ocrx_word' id='word_1_69' title='bbox 671 3204 745 3270; x_wconf 89' lang='lat' dir='ltr'><strong>spes</strong></span> <span class='ocrx_word' id='word_1_70' title='bbox 766 3196 832 3247; x_wconf 87' lang='lat' dir='ltr'><strong>crat</strong></span> <span class='ocrx_word' id='word_1_71' title='bbox 855 3195 887 3249; x_wconf 88' lang='lat' dir='ltr'><strong>et</strong></span> <span class='ocrx_word' id='word_1_72' title='bbox 911 3184 1002 3247; x_wconf 89' lang='lat' dir='ltr'><strong>ratio.</strong></span> <span class='ocrx_word' id='word_1_73' title='bbox 1049 3187 1086 3248; x_wconf 89' lang='lat' dir='ltr'><strong>lu</strong></span> <span class='ocrx_word' id='word_1_74' title='bbox 1108 3184 1210 3250; x_wconf 88' lang='lat' dir='ltr'><strong>altero</strong></span> <span class='ocrx_word' id='word_1_75' title='bbox 1232 3189 1330 3252; x_wconf 88' lang='lat' dir='ltr'><strong>Musa</strong></span> 
     </span>
     <span class='ocr_line' id='line_1_15' title="bbox 375 3283 1330 3355; baseline 0.006 -7"><span class='ocrx_word' id='word_1_76' title='bbox 375 3285 576 3352; x_wconf 85' lang='lat' dir='ltr'><strong>mendicabat</strong></span> <span class='ocrx_word' id='word_1_77' title='bbox 599 3286 665 3350; x_wconf 89' lang='lat' dir='ltr'><strong>sine</strong></span> <span class='ocrx_word' id='word_1_78' title='bbox 688 3286 826 3350; x_wconf 87' lang='lat' dir='ltr'><strong>virtute:</strong></span> <span class='ocrx_word' id='word_1_79' title='bbox 849 3285 881 3348; x_wconf 90' lang='lat' dir='ltr'><strong>in</strong></span> <span class='ocrx_word' id='word_1_80' title='bbox 904 3283 1006 3350; x_wconf 88' lang='lat' dir='ltr'><strong>altero</strong></span> <span class='ocrx_word' id='word_1_81' title='bbox 1029 3286 1127 3350; x_wconf 90' lang='lat' dir='ltr'><strong>Musa</strong></span> <span class='ocrx_word' id='word_1_82' title='bbox 1149 3288 1330 3355; x_wconf 88' lang='lat' dir='ltr'><strong>mendicans</strong></span> 
     </span>
     <span class='ocr_line' id='line_1_16' title="bbox 374 3386 1326 3473; baseline 0.005 -23"><span class='ocrx_word' id='word_1_83' title='bbox 374 3386 593 3473; x_wconf 86' lang='lat' dir='ltr'><strong>triumphabat</strong></span> <span class='ocrx_word' id='word_1_84' title='bbox 629 3410 668 3452; x_wconf 91' lang='lat' dir='ltr'><strong>ex</strong></span> <span class='ocrx_word' id='word_1_85' title='bbox 699 3386 889 3452; x_wconf 89' lang='lat' dir='ltr'><strong>humilitate.</strong></span> <span class='ocrx_word' id='word_1_86' title='bbox 948 3387 1087 3452; x_wconf 89' lang='lat' dir='ltr'><strong>Scientia</strong></span> <span class='ocrx_word' id='word_1_87' title='bbox 1116 3401 1221 3454; x_wconf 90' lang='lat' dir='ltr'><strong>tamen</strong></span> <span class='ocrx_word' id='word_1_88' title='bbox 1259 3390 1326 3455; x_wconf 89' lang='lat' dir='ltr'><strong>sine</strong></span> 
     </span>
     <span class='ocr_line' id='line_1_17' title="bbox 375 3488 1327 3577; baseline 0.003 -23"><span class='ocrx_word' id='word_1_89' title='bbox 375 3490 519 3576; x_wconf 86' lang='lat' dir='ltr'><strong>potentia</strong></span> <span class='ocrx_word' id='word_1_90' title='bbox 534 3512 628 3576; x_wconf 88' lang='lat' dir='ltr'><strong>poena</strong></span> <span class='ocrx_word' id='word_1_91' title='bbox 642 3505 710 3555; x_wconf 90' lang='lat' dir='ltr'><strong>erat</strong></span> <span class='ocrx_word' id='word_1_92' title='bbox 725 3490 757 3553; x_wconf 89' lang='lat' dir='ltr'><strong>in</strong></span> <span class='ocrx_word' id='word_1_93' title='bbox 777 3503 925 3577; x_wconf 87' lang='lat' dir='ltr'><strong>utroque.</strong></span> <span class='ocrx_word' id='word_1_94' title='bbox 971 3488 1108 3555; x_wconf 86' lang='lat' dir='ltr'><strong>Scientia</strong></span> <span class='ocrx_word' id='word_1_95' title='bbox 1125 3513 1199 3555; x_wconf 87' lang='lat' dir='ltr'><strong>vero</strong></span> <span class='ocrx_word' id='word_1_96' title='bbox 1213 3492 1279 3556; x_wconf 87' lang='lat' dir='ltr'><strong>sola</strong></span> <span class='ocrx_word' id='word_1_97' title='bbox 1295 3494 1327 3557; x_wconf 91' lang='lat' dir='ltr'><strong>in</strong></span> 
     </span>
     <span class='ocr_line' id='line_1_18' title="bbox 376 3591 1325 3678; baseline 0.004 -23"><span class='ocrx_word' id='word_1_98' title='bbox 376 3593 474 3657; x_wconf 84' lang='lat' dir='ltr'><strong>Actio</strong></span> <span class='ocrx_word' id='word_1_99' title='bbox 488 3592 633 3658; x_wconf 86' lang='lat' dir='ltr'><strong>inflabat:</strong></span> <span class='ocrx_word' id='word_1_100' title='bbox 659 3596 760 3658; x_wconf 87' lang='lat' dir='ltr'><strong>virtus</strong></span> <span class='ocrx_word' id='word_1_101' title='bbox 772 3614 845 3655; x_wconf 92' lang='lat' dir='ltr'><strong>cum</strong></span> <span class='ocrx_word' id='word_1_102' title='bbox 857 3591 988 3657; x_wconf 85' lang='lat' dir='ltr'><strong>scientia</strong></span> <span class='ocrx_word' id='word_1_103' title='bbox 998 3591 1031 3655; x_wconf 90' lang='lat' dir='ltr'><strong>in</strong></span> <span class='ocrx_word' id='word_1_104' title='bbox 1044 3593 1212 3678; x_wconf 89' lang='lat' dir='ltr'><strong>Propertio</strong></span> <span class='ocrx_word' id='word_1_105' title='bbox 1221 3617 1325 3659; x_wconf 89' lang='lat' dir='ltr'><strong>mores</strong></span> 
     </span>
     <span class='ocr_line' id='line_1_19' title="bbox 372 3693 1326 3781; baseline 0.004 -24"><span class='ocrx_word' id='word_1_106' title='bbox 372 3707 405 3758; x_wconf 92' lang='lat' dir='ltr'><strong>et</strong></span> <span class='ocrx_word' id='word_1_107' title='bbox 428 3695 569 3759; x_wconf 91' lang='lat' dir='ltr'><strong>animum</strong></span> <span class='ocrx_word' id='word_1_108' title='bbox 600 3696 764 3760; x_wconf 85' lang='lat' dir='ltr'><strong>honestius</strong></span> <span class='ocrx_word' id='word_1_109' title='bbox 785 3693 1006 3781; x_wconf 86' lang='lat' dir='ltr'><strong>componebat.</strong></span> <span class='ocrx_word' id='word_1_110' title='bbox 1051 3694 1189 3759; x_wconf 86' lang='lat' dir='ltr'><strong>Proinde</strong></span> <span class='ocrx_word' id='word_1_111' title='bbox 1211 3710 1326 3761; x_wconf 83' lang='lat' dir='ltr'><strong>vestrae</strong></span> 
     </span>
     <span class='ocr_line' id='line_1_20' title="bbox 375 3796 1327 3883; baseline 0.003 -22"><span class='ocrx_word' id='word_1_112' title='bbox 375 3799 595 3883; x_wconf 81' lang='lat' dir='ltr'><strong>praerogativae</strong></span> <span class='ocrx_word' id='word_1_113' title='bbox 607 3797 773 3883; x_wconf 87' lang='lat' dir='ltr'><strong>dignitatis</strong></span> <span class='ocrx_word' id='word_1_114' title='bbox 787 3809 903 3862; x_wconf 82' lang='lat' dir='ltr'><strong>nostrae</strong></span> <span class='ocrx_word' id='word_1_115' title='bbox 920 3800 1016 3861; x_wconf 89' lang='lat' dir='ltr'><strong>Musa</strong></span> <span class='ocrx_word' id='word_1_116' title='bbox 1027 3796 1194 3881; x_wconf 80' lang='lat' dir='ltr'><strong>parvitatis</strong></span> <span class='ocrx_word' id='word_1_117' title='bbox 1204 3799 1327 3874; x_wconf 79' lang='lat' dir='ltr'><strong>scribit,</strong></span> 
     </span>
     <span class='ocr_line' id='line_1_21' title="bbox 373 3900 1328 3988; baseline 0.003 -25"><span class='ocrx_word' id='word_1_118' title='bbox 373 3918 436 3963; x_wconf 85' lang='lat' dir='ltr'><strong>non</strong></span> <span class='ocrx_word' id='word_1_119' title='bbox 452 3914 490 3965; x_wconf 89' lang='lat' dir='ltr'><strong>ut</strong></span> <span class='ocrx_word' id='word_1_120' title='bbox 506 3901 622 3965; x_wconf 81' lang='lat' dir='ltr'><strong>Accius</strong></span> <span class='ocrx_word' id='word_1_121' title='bbox 633 3902 747 3976; x_wconf 85' lang='lat' dir='ltr'><strong>tenuis,</strong></span> <span class='ocrx_word' id='word_1_122' title='bbox 759 3922 820 3963; x_wconf 89' lang='lat' dir='ltr'><strong>non</strong></span> <span class='ocrx_word' id='word_1_123' title='bbox 833 3912 870 3964; x_wconf 90' lang='lat' dir='ltr'><strong>ut</strong></span> <span class='ocrx_word' id='word_1_124' title='bbox 882 3902 1067 3983; x_wconf 86' lang='lat' dir='ltr'><strong>Propertius</strong></span> <span class='ocrx_word' id='word_1_125' title='bbox 1076 3900 1179 3977; x_wconf 83' lang='lat' dir='ltr'><strong>exilis,</strong></span> <span class='ocrx_word' id='word_1_126' title='bbox 1190 3922 1328 3988; x_wconf 88' lang='lat' dir='ltr'><strong>quorum</strong></span> 
     </span>
     <span class='ocr_line' id='line_1_22' title="bbox 373 4000 1328 4090; baseline 0 -25"><span class='ocrx_word' id='word_1_127' title='bbox 373 4001 502 4086; x_wconf 88' lang='lat' dir='ltr'><strong>ingenia</strong></span> <span class='ocrx_word' id='word_1_128' title='bbox 523 4015 711 4089; x_wconf 87' lang='lat' dir='ltr'><strong>consumpta</strong></span> <span class='ocrx_word' id='word_1_129' title='bbox 734 4000 861 4067; x_wconf 89' lang='lat' dir='ltr'><strong>suntin</strong></span> <span class='ocrx_word' id='word_1_130' title='bbox 885 4020 1005 4087; x_wconf 88' lang='lat' dir='ltr'><strong>septem</strong></span> <span class='ocrx_word' id='word_1_131' title='bbox 1021 4022 1127 4066; x_wconf 87' lang='lat' dir='ltr'><strong>rerum</strong></span> <span class='ocrx_word' id='word_1_132' title='bbox 1151 4003 1328 4090; x_wconf 86' lang='lat' dir='ltr'><strong>principiis.</strong></span> 
     </span>
    </p>
   </div>
   <div class='ocr_carea' id='block_1_8' title="bbox 371 4102 1331 4504">
    <p class='ocr_par' dir='ltr' id='par_1_8' title="bbox 371 4102 1331 4504">
     <span class='ocr_line' id='line_1_23' title="bbox 375 4102 1328 4192; baseline -0.001 -24"><span class='ocrx_word' id='word_1_133' title='bbox 375 4103 526 4192; x_wconf 84' lang='lat' dir='ltr'><strong>Quinque</strong></span> <span class='ocrx_word' id='word_1_134' title='bbox 550 4118 825 4188; x_wconf 64' lang='lat' dir='ltr'><strong>verorumque</strong></span> <span class='ocrx_word' id='word_1_135' title='bbox 849 4104 946 4168; x_wconf 87' lang='lat' dir='ltr'><strong>vestri</strong></span> <span class='ocrx_word' id='word_1_136' title='bbox 967 4102 1111 4169; x_wconf 87' lang='lat' dir='ltr'><strong>delectus</strong></span> <span class='ocrx_word' id='word_1_137' title='bbox 1136 4102 1328 4167; x_wconf 86' lang='lat' dir='ltr'><strong>firmitudini</strong></span> 
     </span>
     <span class='ocr_line' id='line_1_24' title="bbox 372 4204 1331 4293; baseline 0 -24"><span class='ocrx_word' id='word_1_138' title='bbox 372 4228 431 4269; x_wconf 86' lang='lat' dir='ltr'><strong>nos</strong></span> <span class='ocrx_word' id='word_1_139' title='bbox 452 4207 589 4271; x_wconf 88' lang='lat' dir='ltr'><strong>scribere</strong></span> <span class='ocrx_word' id='word_1_140' title='bbox 609 4205 818 4293; x_wconf 88' lang='lat' dir='ltr'><strong>compellunt,</strong></span> <span class='ocrx_word' id='word_1_141' title='bbox 844 4204 1043 4269; x_wconf 78' lang='lat' dir='ltr'><strong>familiaritas</strong></span> <span class='ocrx_word' id='word_1_142' title='bbox 1059 4204 1221 4288; x_wconf 87' lang='lat' dir='ltr'><strong>sapientis,</strong></span> <span class='ocrx_word' id='word_1_143' title='bbox 1237 4206 1331 4269; x_wconf 87' lang='lat' dir='ltr'><strong>certi-</strong></span> 
     </span>
     <span class='ocr_line' id='line_1_25' title="bbox 371 4303 1331 4395; baseline -0.005 -23"><span class='ocrx_word' id='word_1_144' title='bbox 371 4308 453 4372; x_wconf 86' lang='lat' dir='ltr'><strong>tudo</strong></span> <span class='ocrx_word' id='word_1_145' title='bbox 462 4308 692 4395; x_wconf 86' lang='lat' dir='ltr'><strong>ambiguitatis,</strong></span> <span class='ocrx_word' id='word_1_146' title='bbox 700 4307 848 4372; x_wconf 89' lang='lat' dir='ltr'><strong>honestas</strong></span> <span class='ocrx_word' id='word_1_147' title='bbox 857 4306 1007 4382; x_wconf 90' lang='lat' dir='ltr'><strong>muneris,</strong></span> <span class='ocrx_word' id='word_1_148' title='bbox 1020 4303 1170 4370; x_wconf 88' lang='lat' dir='ltr'><strong>meritum</strong></span> <span class='ocrx_word' id='word_1_149' title='bbox 1179 4304 1331 4389; x_wconf 82' lang='lat' dir='ltr'><strong>recipien-</strong></span> 
     </span>
     <span class='ocr_line' id='line_1_26' title="bbox 371 4405 1329 4504; baseline -0.003 -28"><span class='ocrx_word' id='word_1_150' title='bbox 371 4414 425 4491; x_wconf 88' lang='lat' dir='ltr'><strong>tis,</strong></span> <span class='ocrx_word' id='word_1_151' title='bbox 446 4424 587 4504; x_wconf 89' lang='lat' dir='ltr'><strong>potestas</strong></span> <span class='ocrx_word' id='word_1_152' title='bbox 608 4410 725 4476; x_wconf 86' lang='lat' dir='ltr'><strong>dantis.</strong></span> <span class='ocrx_word' id='word_1_153' title='bbox 769 4414 807 4475; x_wconf 93' lang='lat' dir='ltr'><strong>ln</strong></span> <span class='ocrx_word' id='word_1_154' title='bbox 827 4422 986 4495; x_wconf 87' lang='lat' dir='ltr'><strong>potestate</strong></span> <span class='ocrx_word' id='word_1_155' title='bbox 1008 4408 1115 4471; x_wconf 89' lang='lat' dir='ltr'><strong>dantis</strong></span> <span class='ocrx_word' id='word_1_156' title='bbox 1136 4405 1329 4473; x_wconf 83' lang='lat' dir='ltr'><strong>discriminis</strong></span> 
     </span>
    </p>
   </div>
   <div class='ocr_carea' id='block_1_9' title="bbox 409 4532 870 4579">
    <p class='ocr_par' dir='ltr' id='par_1_9' title="bbox 409 4532 870 4579">
     <span class='ocr_line' id='line_1_27' title="bbox 409 4532 870 4579; baseline -0.007 -2"><span class='ocrx_word' id='word_1_157' title='bbox 409 4534 480 4579; x_wconf 63' lang='grc' dir='ltr'><strong>Ἴθι.</strong></span> <span class='ocrx_word' id='word_1_158' title='bbox 499 4534 529 4579; x_wconf 84' lang='lat' dir='ltr'><strong>V.</strong></span> <span class='ocrx_word' id='word_1_159' title='bbox 851 4532 870 4574; x_wconf 88' lang='lat' dir='ltr'><strong>P</strong></span> 
     </span>
    </p>
   </div>
   <div class='ocr_carea' id='block_1_10' title="bbox 0 0 1818 5317">
    <p class='ocr_par' dir='ltr' id='par_1_10' title="bbox 0 0 1818 5317">
     <span class='ocr_line' id='line_1_28' title="bbox 0 0 1818 5317; baseline 0 9"><span class='ocrx_word' id='word_1_160' title='bbox 0 0 1818 5317; x_wconf 95' lang='lat' dir='ltr'><strong> </strong></span> 
     </span>
    </p>
   </div>
  </div>
 </body>
</html>
