3625 5317
646 811 727 862 utri
743 817 859 865 ssucur
875 815 1036 868 sussum.
1260 807 1324 872 339

365 969 511 1053 populus
533 967 674 1052 undique
696 971 864 1036 confluens
886 973 1002 1052 instut;
1024 975 1133 1039 stille
1157 978 1263 1042 Deum
1286 980 1320 1043 in

282 1071 286 1078 '
365 1070 554 1155 hujusmodi
579 1071 800 1152 temptandum
829 1095 896 1136 nun
927 1095 998 1138 esse
1027 1077 1203 1161 respondit.
1248 1081 1319 1144 Nec

367 1183 477 1236 tumen
500 1183 574 1235 unte
598 1171 779 1251 dimittitur,
809 1195 905 1259 quam
936 1175 1070 1242 dexteru
1097 1181 1221 1244 elevate
1248 1202 1320 1245 enm

367 1275 463 1353 signo
493 1270 663 1338 salutifere
692 1276 797 1339 crucis
825 1277 975 1358 signavit.
1024 1281 1098 1352 Quo
1127 1282 1211 1345 tuoto
1239 1283 1321 1364 fugit

369 1395 478 1458 ocyus,
495 1387 526 1439 et
540 1376 701 1440 cucullum
720 1377 888 1460 imponens
908 1377 1018 1460 cupiti,
1031 1375 1169 1446 infelicis
1182 1383 1321 1447 foeminte

367 1473 468 1539 deflet
489 1497 655 1540 aernmnss.
705 1477 848 1541 Rediens
870 1479 925 1541 illu
946 1478 1061 1544 domus
1085 1502 1153 1544 eun
1178 1483 1322 1546 noudum

366 1577 547 1660 contigerat
567 1578 679 1656 limen,
699 1591 732 1642 et
750 1579 959 1662 integerrimae
978 1579 1106 1644 sanitati
1124 1582 1243 1647 donata
1263 1594 1323 1662 est,

367 1678 403 1742 in
418 1677 546 1742 landem
562 1679 620 1742 viri
635 1679 701 1743 Dei
715 1680 842 1762 linguas
853 1682 996 1744 omnium
1012 1682 1117 1746 solvit.
1147 1685 1323 1749 Revertens

318 1802 323 1811 ·
368 1779 445 1843 inde
467 1779 674 1864 Lugdunum,
690 1781 814 1844 transiit
835 1781 1074 1861 Matisconsm3
1095 1794 1128 1848 et
1147 1785 1192 1847 ibi
1210 1796 1323 1866 rogutu

365 1881 515 1965 episcopi
530 1893 562 1944 et
576 1882 653 1946 cleri
668 1883 703 1944 in
724 1881 863 1947 ecclesis
876 1884 964 1948 beuti
978 1885 1142 1949 vincentii
1156 1886 1324 1950 solennem

370 1981 499 2045 missam
530 1983 707 2060 celebrans,
736 1983 962 2048 exhortatione
997 1987 1131 2068 publicu
1165 1990 1323 2072 pupulum

369 2085 505 2162 monuit,
518 2095 555 2148 ut
577 2103 597 2148 n
618 2087 760 2149 Domino
783 2088 937 2169 pluvium,
952 2108 1016 2170 qun
1037 2089 1175 2153 muudus
1197 2091 1323 2172 egebat,

369 2187 521 2268 precibus
550 2186 763 2270 impetrarent.
809 2189 861 2252 llli
889 2189 1004 2254 fecisse
1035 2213 1071 2255 se
1099 2191 1162 2256 hoc
1192 2192 1322 2276 sepius,

339 2289 554 2373 ,stepitusque
584 2289 750 2354 frustratos
786 2313 858 2354 esse
885 2291 1096 2376 respondeum
1130 2307 1260 2359 orantes
1288 2306 1325 2358 ut

367 2391 577 2454 necessitates
608 2401 644 2454 nt
674 2403 746 2456 vota
775 2413 883 2456 eorum
914 2413 1011 2478 prece
1042 2415 1100 2458 suu
1128 2407 1321 2478 promouent.

367 2488 585 2556 celebrentur
606 2492 734 2572 diuius3
763 2509 800 2560 et
820 2516 878 2579 per
900 2495 1084 2561 sacerdotes
1109 2497 1159 2560 sui
1182 2497 1324 2562 officiunt

367 2591 483 2675 populi
512 2613 625 2676 preces
655 2593 798 2658 Domino
832 2597 979 2659 offerunt.
1034 2597 1105 2660 Nec
1134 2617 1235 2672 mern,
1263 2617 1323 2679 pro

369 2691 453 2756 uotis
475 2692 672 2774 singulorum
695 2705 728 2757 et
748 2695 891 2756 omnium
918 2694 1100 2758 succedunt
1122 2695 1259 2770 imbres3
1291 2709 1324 2758 et

365 2801 436 2856 tutu
451 2793 562 2856 civitas
577 2813 611 2854 se
626 2794 659 2854 iu
675 2794 839 2876 preconis
861 2795 965 2858 sancti
980 2795 1038 2857 viri
1061 2794 1206 2859 effundit
1244 2795 1320 2859 Per·

368 2895 503 2958 veniens
524 2903 630 2957 nutem
653 2895 859 2976 Lugdunum,
874 2895 1004 2978 scripsit
1024 2894 1140 2958 librum
1162 2915 1261 2959 unum
1282 2895 1323 2959 de

368 2996 525 3075 virginali
538 2995 707 3081 Conceptn
719 3006 751 3060 et
766 2996 907 3062 Peccuto
923 2995 1090 3078 Origimdi,
1104 3006 1137 3059 et
1155 2997 1253 3061 ulium
1269 2997 1322 3060 cui

365 3096 480 3160 titulus
495 3110 553 3173 est,
569 3095 742 3162 Meditutio
757 3097 1005 3181 Redemptiouis
1021 3095 1193 3162 Humane.

412 3199 500 3262 Dum
521 3199 592 3264 hinc
614 3210 793 3282 egerentur,
816 3198 968 3264 Urbanus
990 3220 1075 3283 papa
1096 3200 1227 3264 moritur
1247 3209 1323 3265 unte

369 3300 526 3365 kalendas
547 3303 702 3384 Augusti;
733 3311 766 3366 et
791 3293 962 3366 Anselmus
982 3301 1109 3386 jndicio
1135 3302 1199 3366 Dei
1225 3304 1325 3368 solius

365 3403 550 3486 exponitur.
573 3405 619 3468 Et
632 3405 709 3468 licet
719 3404 857 3488 plurimu
870 3415 1042 3489 peteretur,
1052 3417 1086 3468 et
1098 3405 1144 3469 rei
1158 3406 1326 3470 familiaris

369 3503 518 3586 augustia
531 3505 703 3589 pinrimum
724 3503 883 3569 videretur
900 3504 1025 3586 urgeri3
1052 3503 1204 3586 vigebunt
1215 3518 1325 3570 tamen

366 3605 403 3668 in
420 3627 458 3670 eo
472 3607 548 3671 laets
568 3628 659 3671 mens
681 3617 714 3672 et
732 3604 932 3690 pontificalis
953 3606 1145 3681 auctoritus3
1170 3607 1247 3689 quie
1259 3627 1325 3670 non

366 3707 542 3774 deficiebat
563 3731 623 3773 nec
646 3707 813 3774 deserebat
835 3728 907 3772 eum
931 3705 1096 3771 verborum
1119 3706 1222 3790 ipsius
1248 3729 1324 3794 ope·

369 3831 504 3894 rumque
530 3811 732 3894 principium,
755 3812 811 3895 qui
836 3811 870 3874 in
895 3810 1054 3894 principio
1079 3820 1149 3874 emt
1171 3812 1325 3875 Verbum.

370 3911 477 3975 Multa
493 3931 621 3995 quoque
635 3910 677 3974 de
691 3911 822 3975 interitu
835 3912 919 3994 regis
930 3911 1021 3995 impii
1036 3912 1293 3995 predicabautur
1306 3932 1328 3975 s

371 4012 490 4089 multis,
514 4033 586 4096 quae
607 4013 640 4075 in
662 4011 838 4076 vindictam
865 4013 1010 4076 Anselmi
1035 4012 1239 4077 innotuerunt
1261 4024 1327 4075 tum

371 4139 414 4181 ex
434 4117 535 4199 signis
552 4114 735 4199 patentibus
758 4135 854 4198 quum
877 4137 920 4178 ex
943 4109 1118 4179 visionibus
1139 4114 1326 4178 manifestis.

369 4216 437 4280 Sed
451 4217 506 4281 ille
526 4215 576 4280 his
595 4215 738 4280 animum
758 4233 824 4276 non
843 4234 1022 4298 opponens,
1036 4234 1096 4298 pro
1117 4212 1327 4276 conversione

371 4317 513 4381 etseiute
522 4315 647 4400 tyranni
657 4313 799 4397 quotidie
808 4315 984 4378 Dominum
995 4316 1194 4398 precabatur.
1217 4313 1326 4377 Tertio

371 4435 445 4478 sero
462 4437 547 4479 auno
570 4415 660 4480 exilii
682 4414 743 4493 sui,
757 4413 867 4478 habito
891 4414 1053 4498 colloquio
1075 4412 1162 4479 besti
1177 4414 1326 4497 Hugonis

816 4533 836 4577 z
850 4516 872 4575 2
