3625 5317
471 794 531 855 lna
724 804 861 849 maurus
876 802 1155 849 sanasamssaums
1268 784 1351 864 [ua.
1370 801 1421 847 ιιι.

353 1033 359 1044 ι
470 956 682 1043 argumentis:
714 967 761 1019 est
787 954 869 1018 enim
896 957 929 1019 in
952 952 1225 1039 disputationibus
1248 952 1422 1039 protervia,

472 1056 632 1143 responsio
657 1068 776 1141 praeter
801 1054 859 1118 hos
885 1053 997 1117 modos
1025 1053 1201 1139 syllogismi
1226 1053 1422 1140 corruptiva.

472 1164 523 1223 lta
547 1157 690 1244 quidem,
711 1179 751 1220 ex
778 1168 869 1243 parte
896 1155 1134 1241 respondentis:
1167 1156 1298 1219 namin
1325 1156 1423 1219 inter·

470 1273 604 1345 rogante
619 1257 823 1323 nibilominus
837 1270 897 1334 est,
915 1256 940 1320 si
954 1257 1116 1343 patefacto
1135 1256 1215 1344 quid
1237 1256 1349 1321 datum
1369 1256 1424 1334 ait,

471 1363 579 1448 inepta
610 1360 813 1425 verbulorum
840 1357 1002 1422 occasione
1025 1357 1057 1420 in
1081 1357 1277 1421 contrarium
1309 1355 1425 1436 tendit,

472 1462 597 1527 fidelem
620 1485 682 1526 non
706 1460 859 1546 recipiens
880 1458 1089 1538 intellectum,
1103 1459 1157 1523 sed
1180 1481 1344 1545 aucupans
1357 1458 1424 1544 syl-

471 1564 571 1639 labas,
584 1578 615 1629 et
631 1562 671 1628 ad
687 1583 799 1627 nornen
816 1559 951 1625 inaniter
962 1560 1139 1647 disputans.
1170 1563 1277 1626 Tanto
1292 1559 1423 1647 quidem

475 1665 649 1752 improbior
674 1681 722 1729 est
747 1664 919 1749 protervia,
946 1676 1067 1749 quanto
1091 1662 1194 1727 acrius
1219 1666 1354 1749 quisque
1379 1662 1425 1727 sic

475 1780 580 1854 urget.
625 1768 787 1833 Caeterum
810 1778 947 1850 uterque
975 1763 1107 1829 alterins
1135 1764 1334 1851 propositum
1365 1763 1425 1827 im·

475 1868 576 1954 pedit,
605 1868 672 1932 sine
701 1866 871 1953 proterviae
900 1865 990 1944 vitio,
1018 1865 1044 1928 si
1072 1862 1167 1928 officii
1196 1863 1246 1928 sui
1275 1865 1423 1949 partibus

475 1969 575 2055 probe
590 1972 757 2044 renitatur,
773 1980 830 2031 aut
849 1980 982 2051 urgeat:
1006 1980 1086 2051 puta
1107 1967 1133 2029 si
1154 1965 1281 2030 tardum
1297 1978 1425 2042 natura,

476 2069 526 2131 vel
557 2092 627 2148 usu,
652 2068 796 2132 adbibita
821 2066 983 2133 celeritate
1004 2068 1077 2153 quis
1106 2080 1236 2152 rugeam
1268 2067 1425 2131 sisaram

475 2170 613 2253 ingenio,
630 2168 678 2232 vel
694 2168 835 2233 exercitii
852 2167 1048 2246 assiduitate,
1064 2170 1147 2254 quis,
1161 2168 1304 2233 adhibita
1319 2169 1425 2254 graci-

476 2274 552 2335 tatis
567 2292 665 2345 mora,
681 2269 836 2334 retardet:
861 2269 885 2333 si
902 2272 982 2353 tegit
995 2269 1067 2355 quis
1081 2270 1290 2356 propositum,
1304 2284 1341 2335 ut
1354 2283 1424 2334 arte

476 2372 622 2437 deludat:
653 2375 679 2436 si
705 2371 786 2435 alter
811 2370 933 2455 detegit
959 2370 1163 2447 occultatum,
1189 2384 1226 2437 ut
1250 2370 1424 2456 prudenter

476 2473 604 2538 evadat:
629 2486 661 2538 et
678 2472 806 2559 quidem
822 2471 854 2535 iu
870 2472 955 2536 hunc
969 2473 1098 2539 modum
1114 2472 1261 2559 plurima.
1300 2473 1334 2537 Si
1349 2495 1425 2537 vero

475 2575 588 2639 falsum
613 2575 703 2660 sequi
727 2573 871 2639 videatur
893 2597 933 2638 ex
957 2597 1042 2655 vero,
1063 2575 1122 2639 etsi
1145 2576 1200 2642 ubi
1223 2574 1349 2639 fallacia
1372 2575 1424 2651 sit,

477 2678 596 2741 nonsit
619 2676 831 2765 perspicuum,
853 2690 976 2741 constat
996 2676 1143 2763 quoniam
1166 2677 1356 2763 sophisticus
1376 2691 1425 2743 est

477 2778 690 2865 syllogismus,
718 2778 819 2844 aliave
844 2778 1078 2864 argumentatio
1106 2778 1205 2844 fallax
1235 2779 1363 2867 quidem
1392 2793 1426 2846 et

477 2882 607 2968 perlida,
629 2882 678 2949 cui
701 2881 795 2946 fidem
819 2882 930 2947 haberi
951 2904 1018 2946 aron
1042 2890 1173 2965 spartea
1221 2886 1293 2947 Hoc
1317 2895 1423 2948 autem

475 2984 598 3071 litigiis,
612 3008 706 3072 quam
723 2984 996 3061 demonstrationi,
1007 2996 1062 3048 aut
1077 2983 1296 3048 exercitationi
1310 2983 1425 3050 dialec-

476 3087 548 3152 ticae
578 3089 679 3173 magis
707 3088 799 3153 facit:
830 3110 900 3152 nam
932 3089 1114 3171 Soplrismu,
1144 3101 1193 3152 cst
1223 3087 1426 3175 syllogismus

475 3188 681 3273 litigatorius:
706 3188 947 3276 philosophema
961 3210 1047 3266 vero,
1063 3187 1349 3256 demonstrativus:
1373 3214 1423 3254 ar·

475 3302 662 3373 gumeutum
678 3302 796 3368 autem,
810 3289 1013 3375 syllogismus
1032 3290 1229 3355 dialecticus:
1253 3292 1308 3355 sed
1323 3292 1425 3378 apho-

474 3389 581 3466 risma,
609 3389 811 3474 syllogismus
834 3390 1018 3456 dialecticus
1043 3392 1308 3458 contradictionis.
1355 3396 1424 3459 Ho-

475 3513 544 3556 rum
561 3490 701 3557 omnium
711 3492 886 3557 necessaria
900 3504 949 3557 est
964 3494 1115 3579 cognitio,
1126 3508 1157 3559 et
1174 3495 1205 3559 in
1217 3495 1425 3562 facultatibus

476 3593 607 3680 singulis
619 3594 762 3681 perutilis
777 3608 824 3661 est
835 3595 1033 3661 exercitatio.
1056 3600 1172 3683 ltaque
1184 3596 1424 3663 assuescendum

476 3708 524 3759 est
554 3696 784 3783 disceptationi,
810 3710 843 3763 et
872 3700 976 3784 prima
1000 3698 1093 3764 initia
1115 3698 1296 3763 memoriter
1324 3698 1426 3763 revol-

477 3796 589 3871 venda,
619 3796 845 3882 distinguenda
878 3796 1064 3875 necessaria,
1099 3810 1133 3861 et
1168 3798 1355 3884 probabilia,
1383 3800 1426 3864 ab

476 3897 641 3983 oppositis,
660 3913 692 3963 et
712 3922 731 3962 a
751 3922 783 3964 se
804 3899 959 3965 invicemt
989 3899 1191 3965 excutienda.
1213 3913 1288 3963 sunt
1310 3922 1424 3965 vocum

476 3998 730 4085 significationes,
743 4014 779 4064 ut
794 4000 897 4081 lacile,
910 4000 1071 4065 scientiam
1088 4001 1229 4079 habenti,
1246 4024 1310 4065 una
1324 4002 1427 4066 oratio

476 4099 508 4163 in
532 4098 640 4185 plures
662 4111 811 4180 transeat,
834 4108 891 4163 aut
912 4100 1021 4187 plures
1046 4102 1241 4167 reducantur
1263 4104 1295 4167 in
1318 4126 1424 4168 unam.

478 4202 516 4265 ln
536 4200 765 4266 universalibus
779 4214 835 4266 aut
854 4202 1042 4279 astruendis,
1059 4218 1116 4269 aut
1133 4204 1339 4290 depellendis,
1354 4204 1427 4269 dili-

475 4300 583 4385 gentia
604 4304 713 4387 major,
738 4324 837 4386 quum
863 4300 893 4365 in
916 4300 961 4365 eis
983 4303 1145 4388 profectus
1166 4319 1223 4370 aut
1246 4304 1424 4390 periculum

475 4402 654 4467 evidentius
668 4415 809 4468 constat:
833 4425 892 4489 pro
907 4402 1046 4487 eoquod
1062 4426 1125 4468 non
1148 4418 1195 4469 est
1216 4404 1283 4469 sine
1300 4404 1425 4469 univer·
