3625 5317
490 786 551 845 tls
739 796 878 843 sossius
892 792 1169 841 unussssmusis
1289 774 1373 855 [ms.
1390 796 1442 842 ιιι.

489 966 576 1050 quod
592 963 707 1050 cuique
723 964 845 1028 noverit
861 962 1024 1049 expedire,
1039 962 1214 1049 dispensat.
1260 962 1343 1025 Nem
1365 965 1444 1027 Pur·

490 1064 635 1152 phyrius,
650 1086 767 1151 eorpus
787 1066 897 1129 asserit
917 1084 985 1129 esse
1004 1086 1108 1149 genus
1126 1064 1274 1146 bominis,
1291 1066 1443 1152 quonism

491 1177 523 1231 et
539 1165 692 1230 animulis.
737 1166 928 1230 Aristoteles
942 1179 1050 1231 sutem
1065 1166 1126 1231 boc
1134 1165 1321 1247 dedocet,et
1333 1189 1444 1231 eorum

493 1280 608 1355 purget
619 1268 831 1353 errorem,qui
838 1290 941 1353 genus
949 1266 1124 1332 seeundum
1135 1266 1216 1354 quid
1226 1266 1445 1354 opinenturde

493 1368 596 1455 specie
616 1369 798 1457 praedicari:
822 1390 884 1433 non
900 1368 983 1433 enim
999 1368 1173 1433 secundum
1190 1367 1325 1453 quidde
1341 1368 1444 1452 speeie

491 1471 695 1558 praedicstur.
741 1474 793 1536 Ex
809 1493 875 1557 quo
891 1470 996 1557 psisrn
1010 1484 1069 1549 est,
1084 1468 1274 1535 visibilesut
1285 1468 1442 1545 sensibile,

494 1593 558 1637 non
575 1594 641 1636 esse
655 1594 757 1657 genus
771 1571 926 1650 animulis,
941 1572 1159 1657 proedicsntur
1172 1572 1257 1635 enim
1269 1572 1443 1636 secuudum

492 1672 584 1761 quid,
600 1672 631 1737 id
647 1686 706 1754 est,
727 1672 901 1737 secundum
922 1694 1050 1758 empus,
1070 1694 1133 1735 non
1156 1672 1311 1735 animem:
1334 1693 1444 1758 quere,

491 1776 611 1862 inquit,
626 1798 752 1861 corpus,
769 1796 830 1839 non
847 1774 906 1839 erit
921 1794 1027 1858 genus
1042 1771 1196 1850 animalis,
1210 1772 1352 1860 eoquod
1373 1794 1445 1859 pers

492 1890 550 1942 est.
595 1877 696 1942 Nullo
710 1877 793 1941 enim
809 1874 904 1940 modo
919 1873 1053 1962 perede
1075 1886 1145 1941 tntu
1166 1873 1376 1960 predicetur:
1400 1874 1445 1937 its

494 1979 637 2063 quidem,
665 1978 690 2040 si
718 1977 836 2041 locutio
862 1975 1006 2062 propris:
1029 1996 1103 2039 nem
1129 1976 1162 2039 in
1188 1976 1337 2061 figurstis
1365 1972 1444 2038 nibil

494 2078 653 2164 probibet.
696 2077 845 2143 Tradunt
868 2077 983 2162 utique
1007 2076 1228 2153 Grammatici,
1248 2089 1379 2162 tropum
1401 2074 1446 2139 lo-

494 2179 730 2253 retinuissem,
754 2177 808 2263 qui
834 2176 1039 2262 synecdoche
1060 2176 1249 2263 appelletur,
1273 2189 1306 2241 et
1332 2197 1445 2240 nomen

494 2279 604 2357 totius,
625 2279 721 2365 perti,
741 2291 773 2342 et
794 2276 903 2341 itidem
927 2278 1177 2363 perstruentes,
1199 2278 1259 2343 toti
1280 2277 1443 2342 attribuit:

494 2400 544 2442 res
572 2379 667 2459 enim,
693 2376 846 2464 dignioris
871 2390 928 2441 sut
957 2378 1089 2440 notioris
1117 2378 1230 2463 pertis,
1256 2376 1446 2463 plerumque

493 2476 625 2563 suscipit
650 2499 772 2541 nomen.
818 2476 915 2541 Unde
935 2477 1041 2558 homo,
1055 2477 1114 2563 qui
1133 2500 1173 2543 ex
1196 2476 1301 2541 enimn
1321 2489 1445 2542 eonstst

494 2590 526 2641 et
541 2600 683 2665 eorpore,
699 2591 731 2643 et
746 2579 829 2645 sicut
849 2576 972 2652 Cicero,
989 2577 1157 2663 Apuleius,
1180 2588 1212 2641 et
1234 2576 1322 2664 quod
1343 2578 1447 2664 majus

494 2694 557 2757 est,
576 2678 805 2766 Hieronymus,
822 2678 1024 2764 Augustinus
1038 2690 1070 2742 et
1085 2677 1180 2743 multi
1203 2678 1269 2753 elii,
1291 2690 1356 2743 tem
1377 2700 1447 2742 nos

495 2795 628 2861 trorum,
650 2802 747 2867 quam
775 2776 964 2853 Gentilium,
992 2790 1161 2856 testentur,
1187 2800 1249 2842 non
1276 2778 1378 2863 magis
1398 2788 1446 2843 est

493 2902 620 2966 eorpus,
635 2904 731 2969 quam
748 2882 864 2958 enims,
880 2879 936 2943 sed
955 2878 1193 2965 quodammodo
1212 2879 1317 2943 minus
1334 2902 1444 2966 ωερε

492 2982 535 3046 ris
548 2996 692 3048 densetur
713 2982 837 3047 nomine
860 2981 1034 3046 secundum
1056 2979 1221 3067 publicum
1243 3003 1348 3056 usum,
1363 3003 1444 3067 quo-

494 3084 578 3149 nism
594 3106 669 3169 pers
681 3082 735 3147 ilis
750 3083 928 3149 evidentior
942 3094 1002 3160 est,
1011 3095 1043 3146 et
1055 3082 1200 3147 sensibus
1210 3081 1330 3147 notior:
1353 3104 1445 3167 seque

495 3195 600 3247 temen
628 3204 737 3247 verum
763 3195 823 3262 est,
848 3183 902 3247 sed
925 3205 945 3246 s
966 3182 1041 3247 solis
1062 3182 1261 3271 philosophis
1280 3184 1445 3268 recipitur,

494 3282 599 3366 ipsum
623 3304 690 3347 esse
716 3283 863 3347 animem.
918 3288 988 3348 Nee
1012 3298 1117 3349 temen
1141 3284 1185 3349 eb
1208 3283 1278 3360 boe,
1303 3308 1371 3349 esse
1399 3285 1445 3349 in-

493 3403 679 3467 corporeum
692 3382 856 3467 sequitur:
881 3386 1044 3468 quonism,
1060 3394 1098 3448 ut
1111 3383 1215 3449 tiebat
1233 3382 1444 3458 Abdeerdus

493 3483 622 3569 negatio
644 3483 859 3548 vehementior
882 3496 940 3548 est.
985 3485 1184 3570 Figurstivae
1206 3508 1338 3572 quoque
1358 3486 1445 3549 loeu-

495 3582 589 3649 tionis
614 3608 817 3672 progressum
843 3584 1027 3653 inhibebat:
1059 3610 1098 3651 eo
1123 3587 1210 3673 quod
1237 3587 1358 3673 figures
1382 3600 1444 3651 uon

493 3685 568 3751 litet
583 3686 765 3765 extendere,
782 3710 856 3773 quae
871 3686 950 3773 ipses
964 3708 1027 3750 non
1042 3686 1253 3773 recipiuntur,
1268 3687 1328 3753 nisi
1343 3709 1445 3773 quum

495 3787 635 3873 expedit.
681 3788 815 3855 Nullum
830 3802 938 3853 sutem
954 3810 1057 3874 genus
1072 3789 1258 3875 figureliter,
1273 3802 1329 3855 aut
1346 3803 1444 3854 treus·

496 3886 603 3966 lutire,
619 3890 659 3955 de
674 3891 777 3975 speeie
791 3886 1002 3977 praedicatur:
1027 3911 1152 3975 semper
1166 3894 1263 3970 enim,
1272 3903 1305 3955 et
1319 3893 1445 3977 pmprie

497 4010 608 4054 verum
619 4000 668 4055 est
675 3990 715 4056 de
725 3990 810 4056 omni
823 4014 871 4069 eo,
881 3992 974 4075 cujus
984 4003 1032 4055 est
1045 4012 1156 4074 genus.
1189 3992 1221 4055 Si
1235 3992 1314 4078 quid
1324 4005 1443 4069 sutem,

496 4110 559 4155 non
578 4090 673 4157 modo
692 4092 723 4155 in
740 4091 931 4178 Porphyris,
946 4089 1001 4153 sed
1022 4090 1055 4153 in
1075 4092 1189 4176 quevis
1204 4092 1445 4178 scripturarum,

497 4189 660 4255 intellectu
687 4188 847 4255 difficilius
876 4189 1026 4263 oocurm,
1055 4212 1119 4253 non
1150 4192 1257 4255 stetim
1287 4190 1445 4257 deterreat

497 4290 663 4379 legentem,
678 4305 734 4356 sut
759 4291 952 4369 audientem,
968 4291 1022 4357 sed
1044 4292 1223 4377 praecedst:
1247 4293 1326 4377 quie
1348 4316 1381 4356 se
1402 4291 1447 4355 in·

500 4393 596 4459 vicem
618 4393 869 4480 interpretentur
891 4405 1047 4471 suctores,
1063 4406 1095 4456 et
1114 4391 1247 4477 singulm
1270 4393 1448 4477 scripture,
