3625 5317
418 806 489 851 css.
507 788 597 867 vua]
759 806 1003 855 uarsaootous.
1309 800 1372 860 113

419 956 769 1041 assignavit,peccnvit.
804 957 996 1046 Simpliciter
1007 974 1187 1025 autemnon
1199 959 1373 1029 alteramur

420 1057 595 1122 secundum
618 1057 822 1124 differentias.
868 1061 965 1127 Unde
983 1062 1079 1127 etiam
1099 1060 1194 1128 Plato
1213 1065 1374 1147 arguitur,

420 1171 555 1224 mortem
571 1158 603 1225 in
612 1159 796 1226 animalium
811 1162 996 1230 definitione
1005 1186 1135 1250 ponens.
1181 1165 1273 1231 Licet
1287 1170 1372 1234 enim

419 1282 482 1324 non
498 1259 566 1335 liat,
581 1260 614 1324 id
630 1275 689 1337 est,
706 1262 807 1347 magis
821 1266 997 1329 autminus
1011 1264 1215 1351 praedicetur,
1230 1268 1372 1353 eoquod

419 1362 605 1449 hujusmodi
617 1386 677 1426 non
691 1364 868 1450 suscipiunt
884 1366 986 1451 magis
996 1380 1053 1431 aut
1068 1368 1185 1444 minus,
1193 1367 1374 1435 differentia

419 1477 525 1529 tamen
549 1486 612 1529 non
635 1480 704 1531 est:
728 1466 783 1531 sed
806 1465 888 1531 forte
910 1467 1028 1533 rectius
1050 1468 1195 1535 habitum
1218 1484 1320 1546 notat,
1340 1484 1372 1535 et

418 1565 574 1652 passionis
588 1565 798 1646 habilitatem,
820 1579 878 1631 aut
898 1568 999 1652 magis
1020 1571 1237 1634 necessitatem
1254 1568 1373 1635 indicat

417 1666 571 1753 patiendi.
618 1668 690 1731 Hoc
712 1681 818 1733 sutem
850 1668 943 1734 facile
964 1669 1153 1750 suadebitur
1177 1671 1373 1747 Christiano,

419 1770 476 1856 qui
499 1770 769 1835 immortalitatem
792 1785 976 1857 expectans,
998 1771 1212 1837 conditionem
1242 1772 1370 1837 vivendi

415 1872 517 1937 credit
533 1872 718 1937 mutandam
741 1873 774 1937 in
798 1873 925 1954 melius,
944 1896 1007 1937 non
1027 1876 1191 1961 corrumpi
1212 1887 1372 1941 naturam.

421 1975 666 2041 Glorificabitur
681 1977 765 2040 enim
778 1975 967 2050 substantia,
980 1989 1013 2041 et
1028 1976 1094 2040 sine
1104 1979 1310 2063 corruptione
1322 1979 1374 2041 sui

419 2078 579 2143 eximetur
593 2101 614 2141 a
629 2078 813 2143 necessitate
835 2078 988 2159 patiendi.
1034 2080 1111 2165 Ipsa
1131 2101 1263 2167 quoque
1284 2078 1374 2143 habi-

417 2180 493 2244 litas
505 2178 658 2266 passionis
672 2180 887 2267 perpetiendae
902 2182 1031 2266 penitus
1051 2193 1227 2258 evanescet,
1242 2181 1375 2267 quando

419 2280 553 2346 mortale
574 2280 843 2347 immortalitatem
874 2282 988 2347 induet
1009 2295 1112 2347 morte
1139 2283 1307 2368 absorpta:
1339 2296 1373 2347 et

417 2381 625 2467 corruptibile
653 2405 750 2462 nunc,
778 2383 1048 2470 incorruptionem
1071 2381 1258 2470 possidebit.
1304 2384 1373 2448 Nec

417 2484 534 2549 mirum
546 2482 769 2549 mortalitatem
784 2484 984 2572 passibilitati
994 2485 1119 2567 ascribi,
1127 2508 1229 2572 quum
1245 2484 1374 2551 immor·

417 2586 525 2651 talitss
539 2584 618 2670 ipsa,
633 2587 807 2651 secundum
824 2586 1038 2662 Aristotelem,
1050 2590 1157 2673 passio
1171 2587 1212 2653 sit
1227 2586 1371 2653 dicenda.

418 2686 472 2753 Ait
489 2686 588 2749 enim:
612 2686 721 2752 Passio
736 2689 812 2752 vitae
831 2700 864 2751 et
883 2710 987 2763 casus,
1009 2686 1230 2753 immortalitas
1245 2687 1373 2753 videtur

416 2810 495 2852 esse.
539 2787 694 2861 Quoniam
712 2801 817 2853 autern
834 2809 944 2851 verum
958 2788 1107 2873 estquod
1120 2787 1251 2865 dicitur,
1266 2791 1372 2874 palam

417 2890 485 2966 liet,
499 2892 529 2955 si
543 2889 617 2975 quis
631 2889 783 2954 concedat
798 2912 836 2953 ex
853 2888 979 2953 mortali
1002 2890 1142 2974 aliquem
1156 2888 1226 2952 fieri
1244 2890 1373 2953 immor·

417 2992 524 3057 talem.
570 2989 691 3054 Nullus
704 2990 788 3053 enim
804 2989 888 3053 dicet
908 2988 1004 3051 aliam
1019 3008 1093 3052 eum
1109 2987 1208 3053 vitam
1232 3009 1370 3065 sumere,

421 3092 478 3159 sed
500 3112 610 3157 casum
633 3089 785 3175 aliquem,
808 3090 856 3155 vel
886 3089 1063 3174 passionem
1092 3089 1169 3155 huic
1189 3089 1293 3155 eidem
1315 3090 1372 3155 ad·

416 3196 583 3277 generari:
615 3214 715 3278 quare
740 3214 804 3257 non
827 3206 875 3257 est
896 3214 1000 3279 genus
1023 3193 1092 3257 vita
1115 3191 1372 3259 immortalitatis.

417 3296 543 3381 Utique
565 3306 597 3359 et
620 3294 694 3359 hinc
715 3305 849 3372 constat,
874 3294 953 3381 quia
973 3293 1106 3359 mortale
1128 3304 1160 3358 et
1181 3294 1372 3373 immortale,

417 3418 480 3463 non
496 3410 570 3461 sunt
587 3396 761 3462 viventium
778 3397 896 3484 species
911 3396 1177 3475 sutdill'erentiae,
1193 3397 1248 3462 sed
1262 3402 1371 3484 potius

417 3499 529 3565 modos
557 3498 685 3563 vivendi
715 3498 868 3579 indicant,
901 3513 961 3564 aut
989 3512 1114 3565 naturas
1148 3498 1370 3566 conditionem.

419 3599 578 3687 Equidem
593 3600 673 3665 nibil
689 3600 764 3665 mali
780 3599 812 3665 io
828 3600 1018 3680 substantia,
1029 3623 1101 3664 nam
1114 3601 1203 3688 quod
1212 3601 1372 3688 cujusque

416 3702 586 3787 optimum,
619 3700 702 3765 inest
737 3701 927 3766 substantiae
963 3702 1111 3765 maxime.
1169 3704 1231 3768 Est
1263 3714 1371 3767 erstem

417 3802 554 3879 difficile,
577 3802 637 3867 nisi
661 3804 794 3868 msrltam
819 3823 925 3867 rerum
948 3803 1093 3867 notitiam
1118 3803 1259 3885 babenti,
1277 3827 1372 3890 regu-

417 3904 526 3970 lariter
539 3925 609 3970 eam
625 3905 768 3981 delinire,
785 3927 887 3990 quum
903 3903 1126 3969 substantialia
1146 3927 1232 3993 saepe
1251 3907 1373 3971 incerta

417 4008 491 4081 sint,
507 4012 557 4072 vel
572 4007 614 4071 ob
636 4006 855 4071 difficultatem
878 4028 998 4085 rerum,
1020 4020 1053 4071 et
1074 4007 1298 4093 ignorantiam,
1321 4007 1371 4071 vel

416 4123 549 4195 propter
570 4110 814 4195 ambiguitatem
839 4130 1029 4174 sermonum.
1074 4112 1158 4175 Sunt
1182 4108 1278 4175 etiam
1302 4109 1369 4195 ple-

417 4234 518 4297 raque
546 4235 633 4298 quse,
666 4224 798 4296 urgente
820 4224 948 4291 natura,
969 4211 1108 4297 propriis
1129 4210 1369 4276 delinitionibus

414 4325 544 4385 careut;
570 4325 607 4377 ut
629 4311 797 4398 principia,
820 4334 858 4375 eo
888 4310 976 4398 quod
1000 4333 1125 4376 sursum
1149 4310 1370 4396 pergentibus,

415 4434 537 4494 eorum,
551 4412 629 4500 quia
653 4436 715 4479 uon
732 4425 806 4477 sunt
824 4435 953 4497 genera,
972 4434 1034 4475 non
1056 4425 1227 4476 occurrunt
1241 4425 1274 4476 et
1288 4410 1373 4476 indi·
