3625 5317
379 822 453 866 cnr.
471 802 605 883 xxxvi]
745 820 986 865 nurnnonrcus.
1277 806 1337 864 len

379 992 448 1035 esse
461 970 639 1056 coaequales
655 983 685 1035 et
703 984 893 1035 coaeternus:
925 990 996 1033 nem
1012 968 1045 1033 in
1068 968 1141 1049 illis,
1154 969 1338 1033 omnimoda

377 1071 523 1159 parilitas
545 1082 603 1136 est.
649 1072 756 1135 ldeam
773 1091 862 1147 vero,
879 1070 958 1158 quia
981 1072 1022 1135 ud
1045 1071 1127 1136 lranc
1142 1067 1335 1158 parilitatem

380 1194 443 1238 non
458 1174 636 1257 consurgit,
651 1172 707 1237 sed
722 1171 959 1259 quodammodo
973 1187 1088 1237 natura
1105 1170 1262 1260 posterior
1275 1185 1336 1247 cst,

379 1288 412 1339 et
434 1274 524 1340 velut
545 1274 676 1361 quidam
701 1273 844 1348 effectus,
860 1295 991 1337 manens
1012 1273 1044 1337 in
1067 1296 1183 1338 arcano
1204 1270 1337 1349 consilii,

380 1376 560 1441 extrinseca
574 1397 670 1439 causa
686 1395 748 1439 nou
766 1374 923 1460 indigens,
934 1374 1016 1437 sicut
1031 1388 1180 1440 aeternam
1196 1373 1336 1440 audebat

381 1476 499 1552 dicere,
515 1479 558 1545 sic
573 1490 760 1542 coaeternam
782 1499 848 1541 esse
872 1476 1020 1561 negabat.
1065 1480 1113 1543 Ut
1130 1476 1213 1541 enim
1236 1474 1335 1541 sitin

381 1579 580 1665 expositione
591 1578 774 1664 Porphyrii,
786 1576 908 1663 duplex
923 1589 971 1640 est
983 1599 1063 1663 opus
1077 1577 1195 1643 diviua
1210 1578 1337 1653 mentis,

382 1680 517 1744 alterum
534 1684 620 1769 quod
638 1679 679 1744 de
694 1680 837 1767 subjecta
859 1678 990 1744 materia
1004 1695 1104 1756 creat,
1118 1692 1176 1745 aut
1198 1678 1286 1766 quod
1308 1679 1337 1744 ei

384 1794 587 1847 concreatur:
619 1781 767 1857 alterum,
784 1780 872 1867 quod
887 1782 928 1845 de
943 1804 976 1845 se
995 1782 1084 1863 facit,
1098 1796 1131 1847 et
1151 1781 1291 1847 continet
1305 1780 1338 1845 in

385 1904 431 1963 se,
441 1895 574 1947 externo
589 1906 650 1947 non
666 1906 762 1969 egens
774 1880 977 1947 adminiculo.
1017 1883 1144 1969 Utique
1155 1882 1251 1948 coelos
1264 1880 1339 1948 fecit

385 1984 418 2049 in
440 1984 603 2051 intellectu
630 1986 672 2050 ab
696 1984 798 2065 initio,
820 1984 862 2051 ad
888 2006 970 2073 quos
995 1985 1039 2050 ibi
1065 1986 1259 2062 formandos,
1281 2004 1340 2049 nec

387 2089 565 2167 materiem,
586 2111 643 2152 nec
664 2087 796 2153 sormam
823 2087 972 2175 quaesivit
990 2088 1208 2154 extrinsecam.
1254 2086 1339 2154 Alibi

389 2210 521 2276 quoque
535 2188 597 2255 ait:

493 2312 651 2387 Principium
663 2315 703 2369 cui
716 2314 771 2367 sols
782 2312 833 2369 tuit
845 2314 942 2368 Divina
953 2315 1081 2380 voluntas,

493 2398 570 2453 ΕΜ
581 2416 632 2453 non
644 2398 742 2468 frangit
751 2400 940 2470 demoliturque
950 2408 1075 2467 retusus,

494 2484 621 2540 Diesclsit
632 2492 734 2558 tempus
745 2487 867 2557 quicquid
879 2487 996 2558 producit
1006 2488 1108 2553 edesse,

396 2614 399 2621 ,
496 2570 525 2623 st
536 2586 588 2623 non
599 2570 766 2644 adpraesens,
778 2576 880 2626 comtst
892 2574 1171 2643 qnandoquanecesse.

493 2652 565 2723 Ergo
576 2672 652 2728 super
663 2655 710 2709 tali
722 2657 766 2726 qui
778 2655 854 2725 luget
865 2658 1021 2720 conditione,

495 2740 551 2793 Aut
561 2740 635 2805 nrlril,
647 2748 692 2795 sut
704 2742 838 2794 minimum
851 2740 931 2794 clarat
943 2743 1049 2794 rationis
1059 2742 1165 2794 habere.

390 2851 527 2931 Quidam
549 2865 666 2928 temen,
683 2854 758 2918 licet
780 2854 821 2919 ab
836 2867 956 2919 aetemo
977 2854 1152 2919 concedant
1173 2876 1241 2917 esse
1257 2874 1342 2931 vera,

390 2976 428 3019 ea
442 2966 548 3019 temen
564 2964 683 3040 negant
693 2977 761 3019 esse
776 2968 905 3033 aeterua,
916 2954 1068 3030 dicentes,
1076 2954 1156 3019 nihil
1170 2976 1237 3021 esse
1251 2969 1344 3020 eeter-

392 3077 481 3133 num,
495 3055 557 3121 nisi
578 3056 668 3142 quod
691 3054 787 3121 vivit:
819 3081 857 3121 eo
874 3057 965 3145 quod
986 3056 1254 3135 ‹sternitum-teste
1275 3057 1343 3120 Au-

390 3156 532 3242 gustino,
546 3163 651 3221 status
665 3166 712 3223 est
730 3160 979 3225 interminabilia
993 3162 1077 3225 citu.
1122 3160 1175 3223 Ex
1191 3158 1240 3223 his
1254 3169 1343 3245 patet

393 3259 548 3346 placuisse
564 3256 748 3337 Platonicis,
763 3282 836 3325 cum
860 3261 1038 3341 Salomone,
1052 3262 1158 3328 omnia
1171 3263 1343 3328 subsolana

393 3383 475 3425 rana
488 3384 573 3436 esse;
600 3374 633 3427 et
655 3383 709 3425 eas
725 3385 775 3427 res
797 3361 957 3429 duntaxat
975 3386 1042 3429 esse
1065 3385 1166 3443 veras,
1181 3383 1257 3450 quta
1279 3384 1341 3427 non

393 3476 431 3529 ut
443 3463 663 3551 phantasmata
672 3478 873 3546 evanescunt,
883 3466 938 3531 sed
950 3478 1037 3532 statu
1047 3466 1233 3532 substautias
1245 3477 1344 3545 carta,

394 3575 426 3629 et
441 3587 566 3653 semper
581 3566 690 3632 eadem
706 3571 792 3632 sunt.

396 3799 477 3887 Cep.
492 3806 544 3866 86.
568 3802 651 3866 Item
666 3803 705 3867 de
718 3806 821 3878 ueriti,⁸
849 3814 882 3870 et
895 3808 982 3890 qnod
994 3807 1091 3872 aliter
1107 3808 1265 3871 dictentur
1278 3823 1345 3870 cess

466 3924 528 3983 ras,
541 3904 638 3985 aliter
653 3924 818 3985 sermones,
833 3907 930 3974 aliter
941 3930 1038 3974 cera:
1059 3918 1091 3975 et
1104 3911 1264 3995 qssornodo.

438 4033 544 4116 Quurr
567 4060 641 4103 vero
664 4061 776 4105 nomen
800 4041 871 4107 falsi
893 4047 1049 4128 opinioni,
1068 4048 1233 4125 locutioni,
1246 4051 1279 4110 et
1298 4047 1346 4107 rei

394 4138 514 4225 pariter
535 4139 725 4227 applicetur,
738 4142 856 4228 opinio,
872 4168 947 4233 quae
969 4147 1165 4236 deceptionis
1185 4145 1342 4211 fallaciam

393 4238 528 4325 patitur,
555 4240 634 4306 falsa
660 4242 832 4309 rectissime
857 4247 1057 4314 nominatur:
1092 4248 1248 4337 siquidem
1276 4245 1345 4332 ipss

394 4354 453 4419 est,
468 4362 542 4429 quar
565 4342 696 4408 fallitur.
744 4345 881 4412 Locutio
895 4362 1002 4415 autem
1023 4350 1104 4415 falsa
1123 4362 1182 4424 eat,
1197 4368 1236 4413 ec
1256 4348 1345 4436 quod

394 4440 508 4507 falsam
529 4442 687 4529 significat
704 4445 893 4528 opinionem.
942 4448 1005 4514 Res
1020 4472 1095 4514 vero
1114 4449 1194 4514 salsa
1215 4448 1346 4527 dicitur,

846 4555 901 4612 οἳ
