3625 5317
758 794 982 843 rurunrrcus.
1283 783 1342 845 2⁷1

482 949 608 1015 Fortius
623 952 685 1015 boc
702 952 820 1015 facient
835 951 939 1015 sidera
953 963 1072 1015 cuncto
1085 952 1191 1015 simul.

391 1050 553 1115 Prasidet
566 1052 691 1116 humori
707 1072 788 1134 vaga
803 1052 957 1133 Cynthia,
973 1053 1084 1135 solque
1099 1052 1209 1131 calori,
1285 1055 1349 1114 995

487 1154 610 1217 Humor
624 1155 665 1218 ab
681 1154 832 1237 adjuncto
848 1163 968 1218 cuncta
982 1156 1088 1217 calore
1102 1154 1196 1237 parit.

393 1254 450 1317 De
463 1256 569 1319 radiis
581 1256 656 1319 solis
670 1263 702 1320 ot
715 1256 810 1319 luuoe
822 1262 853 1318 et
874 1253 985 1341 officiis
1002 1274 1113 1318 eorum
1132 1262 1164 1318 ot
1181 1254 1350 1338 siguifica-

827 1359 923 1419 tione.

393 1458 542 1523 Lunares
556 1460 637 1524 radii
652 1480 765 1523 carnes
781 1460 963 1543 smctusque
980 1472 1132 1541 perurunt

483 1560 529 1624 Et
543 1562 663 1639 vitiant,
677 1560 785 1625 radius
801 1560 877 1624 solis
892 1561 1034 1645 utrisque
1050 1563 1169 1624 favete

394 1661 452 1723 Sio
468 1660 632 1725 mundana
646 1663 730 1746 perit
743 1663 915 1746 sapientia,
931 1682 1068 1746 veraque
1082 1660 1214 1744 prodest

486 1763 706 1849 Naturamque
721 1766 817 1843 foret,
832 1768 931 1848 plena
945 1766 1051 1828 calore
1066 1764 1139 1827 Dei.
1271 1768 1353 1826 1000

395 1864 464 1927 Sed
480 1866 567 1928 calor
580 1867 755 1930 immensus
771 1888 890 1931 uermes
906 1868 1000 1949 parit,
1017 1878 1052 1929 ut
1068 1867 1127 1929 tibi
1143 1877 1279 1939 constet,

487 1966 658 2030 Scrutaudi
674 1968 751 2052 quid
767 1968 866 2033 habet
879 1968 1109 2033 immoderatus
1124 1989 1222 2032 amor.

397 2068 455 2131 Sol
472 2067 557 2131 fovet
571 2080 602 2131 et
617 2071 760 2153 reprimit
775 2072 887 2144 visum,
904 2071 980 2155 quia
995 2072 1122 2134 sobrius
1136 2092 1206 2133 esse

486 2169 605 2241 Debet,
621 2170 677 2253 qui
693 2172 809 2252 satagit
823 2172 961 2255 mystica
974 2171 1057 2234 scire
1073 2170 1147 2233 Dei.

399 2267 540 2332 Subdita
555 2270 622 2332 sole
639 2270 739 2345 vides,
757 2272 814 2335 tibi
828 2272 901 2335 luce
918 2286 1024 2336 creata
1038 2281 1210 2355 patescunt
1271 2276 1353 2334 1000

488 2370 618 2448 Divina,
633 2373 727 2455 plene
743 2375 850 2437 nullus
866 2384 1037 2457 utrumque
1052 2374 1148 2437 videt.

399 2472 464 2535 Est
477 2472 609 2536 coeleste
623 2476 745 2537 bonum
761 2477 925 2561 solemque
941 2478 1112 2561 Deumque
1129 2478 1245 2554 ridere,

489 2573 629 2657 Solaque
644 2578 795 2640 mortales
809 2574 960 2641 inferiora
974 2578 1094 2641 vident.

399 2676 476 2737 Lux
492 2674 646 2740 immensa
661 2679 741 2758 tegit
757 2678 868 2756 solem,
884 2677 1056 2761 divinaque
1071 2699 1198 2761 semper

488 2778 643 2861 Majestaa
658 2780 704 2842 sic
720 2792 768 2841 est
782 2779 904 2841 lumine
921 2789 1005 2843 tecta
1019 2802 1086 2842 suo.
1272 2785 1357 2841 1010

401 2878 466 2941 Est
480 2876 513 2939 iu
529 2877 624 2940 solari
640 2876 710 2939 sons
725 2878 854 2940 luminis
869 2887 964 2961 atque
983 2879 1099 2941 caloris

490 2978 643 3059 Corpore,
661 2978 825 3061 spiritibus
841 2980 912 3043 fons
928 2982 1092 3066 utriusque
1109 2984 1209 3045 Deus.

629 3078 722 3152 Quod
735 3081 829 3143 nullo
843 3080 1025 3143 mutantia
1037 3082 1133 3162 perit.

401 3181 504 3245 Nulla
518 3178 621 3263 perire
636 3191 740 3264 potest
757 3182 944 3255 substantia,
960 3183 1126 3266 formaque
1141 3184 1249 3249 sormoe

492 3279 681 3345 Succedens
696 3282 855 3365 probibet,
870 3284 959 3364 quod
973 3295 1091 3360 movet,
1106 3307 1178 3350 esse
1193 3284 1283 3349 nibil.

406 3382 555 3446 Motibus
566 3382 617 3444 his
628 3392 769 3447 recreata
778 3394 908 3446 manent
916 3385 1267 3471 elementavigentque,
1277 3392 1360 3451 1015

366 3498 373 3523 ·
493 3482 580 3545 Dum
597 3494 687 3547 vetus
702 3480 847 3547 abscedit
860 3496 892 3561 et
908 3505 991 3547 nova
1005 3486 1107 3549 forma
1120 3486 1222 3550 datur.

405 3583 515 3646 Portio
530 3583 615 3647 fessa
630 3594 715 3647 statu
730 3596 821 3666 grata
834 3584 978 3648 novitate
993 3587 1124 3648 resumit

494 3686 605 3748 Robur
619 3700 651 3748 et
667 3706 687 3749 a
701 3686 810 3749 formis
825 3686 943 3769 accipit
959 3705 1029 3747 esse
1045 3706 1173 3749 novum.

407 3786 529 3848 Alterat
543 3786 614 3849 baec
631 3788 766 3870 species,
784 3786 870 3851 aliud
886 3786 964 3851 lacit
980 3786 1044 3859 illa,
1061 3808 1224 3871 genusque

495 3887 624 3952 Dicitur
639 3902 671 3951 et
686 3890 808 3952 confert
824 3888 960 3951 cuilibet
973 3910 1046 3952 esso
1060 3891 1117 3953 rei.
1282 3894 1364 3952 1020

522 3990 615 4061 Quod
629 3991 777 4071 informis
791 3989 885 4052 Deus
900 3993 1049 4069 etforow
1057 3992 1252 4072 formarum.

409 4090 560 4154 Informis
576 4091 667 4152 Deus
682 4104 739 4168 est,
755 4092 924 4153 formarum
939 4092 1041 4155 forma
1056 4094 1216 4174 rigorque,

496 4194 535 4255 In
552 4214 617 4275 quo
633 4212 682 4254 rcs
696 4193 800 4254 omnis
816 4204 1002 4274 perpetuata
1016 4203 1134 4255 manet.
1185 4185 1192 4205 ‘

410 4294 543 4377 Semper
558 4294 642 4356 euim
658 4294 737 4356 vivit
751 4293 831 4356 ratio
847 4291 965 4368 divina,
981 4315 1120 4376 perenne

497 4396 564 4457 Res
579 4416 690 4459 omnes
707 4396 815 4458 visunt
830 4396 862 4455 in
878 4394 1001 4456 ratione
1018 4393 1092 4469 Dei,

1197 1539 1219 1571 Ι
