3625 5317
841 1054 904 1128 IV.

566 1272 761 1339 JOANNIS
784 1273 1176 1342 SARESBERIENSIS

465 1465 534 1540 DE
562 1465 802 1548 MEMBRIS
830 1467 1281 1550 CONSPIRANTIBUS

776 1655 970 1715 CARMEN.

396 2043 592 2108 eorunm
608 2045 772 2108 celebrant
786 2043 919 2109 humani
935 2044 1079 2128 corporis
1094 2053 1182 2108 artus

485 2143 576 2208 Inter
590 2163 637 2223 ee,
653 2143 693 2208 de
709 2164 743 2209 ee
759 2143 896 2228 plurimu
910 2142 1010 2208 verba
1024 2153 1147 2208 serunt.

398 2242 523 2309 Incidit
537 2245 571 2308 in
586 2253 729 2309 ventrem
745 2264 861 2320 sermo,
877 2243 918 2308 de
934 2255 1042 2308 ventre
1059 2256 1234 2328 queruntur

484 2344 580 2418 Quod
596 2345 699 2428 gravis
713 2345 743 2409 Is
757 2344 907 2408 dominus
923 2353 956 2409 et
970 2345 1067 2409 nimis
1081 2357 1173 2429 urget
1187 2367 1251 2412 ene

397 2445 546 2510 Tandem
560 2447 739 2512 Rhetorice
753 2447 890 2531 pingens
905 2468 965 2512 suu
978 2448 1074 2512 verbu
1089 2449 1206 2528 colore,

485 2548 678 2631 Aggreditur
692 2548 803 2612 frutres
817 2549 929 2632 lingua
944 2551 1082 2633 superba
1097 2571 1184 2614 nune.

396 2647 419 2684 “
434 2649 515 2723 Quis
530 2649 628 2727 furor,
643 2650 673 2714 Ο
687 2651 784 2728 cives,
801 2672 873 2734 qum
888 2658 979 2713 tante
991 2650 1124 2714 lieentia
1137 2651 1268 2724 ventris,

486 2751 620 2815 Audeat
635 2759 671 2812 ut
685 2751 781 2813 nobie
796 2769 917 2834 ponere
931 2761 1024 2831 turpe
1033 2749 1169 2831 jugum?

398 2851 508 2934 Turpe
517 2850 634 2936 jugum
649 2859 748 2927 certe,
764 2849 895 2932 quando
911 2849 1009 2912 servis
1025 2849 1217 2929 dominatur,

487 2953 533 3014 Et
548 2950 699 3014 dominus
714 2950 829 3014 servit:
852 2949 905 3013 hic
917 2949 1024 3036 jubet,
1037 2949 1093 3012 ille
1108 2950 1194 3015 fucit.

403 3052 497 3116 Certe
511 3068 573 3114 noe
588 3049 670 3112 nervi
685 3059 805 3133 turpes,
820 3049 911 3132 digni
927 3070 1034 3127 cruce,
1049 3050 1179 3114 eunctis

485 3148 687 3227 Ludibrium,
702 3150 820 3230 miseri,
835 3149 1076 3235 degeneresque
1092 3173 1212 3221 numus.

400 3253 486 3318 Nem
501 3262 648 3315 ventrem
663 3250 829 3316 domiuum
843 3253 940 3317 nobie
954 3253 1110 3336 elegimus
1123 3253 1189 3337 ipsi

486 3353 606 3426 Omniu
620 3353 802 3435 colligimus
818 3375 890 3440 quae
907 3354 970 3419 eibi
985 3363 1076 3436 grata
1090 3353 1199 3440 putul!

402 3454 501 3518 Nulln
509 3454 600 3539 quies
608 3453 714 3533 nobis,
722 3463 829 3518 movet
837 3454 937 3532 hunc,
941 3455 1132 3541 juhetham,
1141 3466 1236 3521 vocet
1244 3455 1354 3532 illum;

488 3556 591 3638 Surge
606 3555 709 3641 piger,
723 3575 856 3619 somnos
871 3564 1001 3634 excute,
1015 3557 1091 3618 tolle
1105 3577 1231 3633 morue3

402 3657 517 3731 Quaere
532 3657 634 3735 eibos,
649 3657 829 3740 epulaeque
844 3675 933 3740 para,
946 3654 1122 3737 vinumque
1137 3654 1283 3738 propina.

488 3759 638 3822 Mensem
652 3778 749 3842 pone,
763 3756 832 3821 dies
847 3755 997 3840 proeterit,
1012 3753 1094 3818 horn
1107 3755 1200 3838 fugit.

401 3860 492 3932 Ecce
507 3855 573 3922 duo
587 3858 719 3932 veniunt
732 3859 842 3922 hostes
856 3866 1057 3941 mortemque
1071 3857 1244 3935 minantur,

489 3958 640 4023 Imminet
654 3958 730 4023 inde
745 3960 857 4040 sumes,
870 3959 1016 4023 imminet
1030 3959 1107 4024 inde
1123 3960 1202 4024 sitin.

401 4063 490 4144 Ergo
504 4059 666 4133 deficiam,
681 4060 745 4123 nisi
760 4060 933 4123 subvenias
948 4060 1027 4125 mihi
1041 4062 1149 4139 velox,

488 4160 732 4244 Praeveniusque
748 4160 874 4240 samem,
890 4163 1132 4248 prevenineque
1148 4161 1246 4230 sitim.

403 4264 458 4329 Sic
474 4284 536 4340 me,
551 4261 598 4326 sie
615 4262 695 4326 ulios
710 4264 817 4348 pulsat
830 4262 964 4328 lascivia
978 4263 1107 4341 ventris,

490 4366 535 4442 Et
549 4383 600 4428 me
615 4365 688 4450 plus
704 4361 774 4431 aliis
787 4365 934 4453 turgidus
948 4365 1002 4438 ille
1017 4365 1143 4459 premit.
