3625 5317
477 789 540 848 292
732 801 870 847 romum
886 801 1166 850 sauusuunrnusu

566 955 700 1030 Demea,
715 953 912 1019 Flaminium
927 956 1019 1029 tivit,
1035 955 1169 1039 agitque
1185 955 1343 1020 Numam.

476 1056 631 1120 Tantalus
645 1065 694 1120 est
709 1065 823 1119 auctor
837 1055 979 1138 cupidis,
996 1066 1047 1119 est
1060 1069 1175 1120 auctor
1190 1057 1297 1119 avaria
1357 1059 1442 1120 1666

563 1157 786 1240 Perpetuoque
801 1156 855 1219 siti
870 1156 997 1242 deperit
1011 1167 1109 1240 atque
1124 1157 1219 1221 same.

850 1257 902 1320 Dc
916 1257 1062 1321 Britcne.

477 1359 630 1423 Invenies
644 1359 752 1422 laetum
769 1359 948 1436 Britouem,
961 1359 991 1421 si
1005 1380 1120 1422 caseus
1134 1357 1232 1438 adsit,

568 1460 644 1524 Plus
659 1469 765 1524 tamen
781 1459 940 1524 interdum
957 1459 1076 1542 gaudet
1089 1460 1204 1524 adesse
1218 1461 1333 1524 libros.

479 1556 563 1624 Nam
580 1570 735 1644 quantum
751 1561 870 1644 patitur
884 1560 1027 1623 Britouis
1041 1570 1158 1623 natura
1172 1562 1224 1623 rel
1241 1560 1336 1636 ordo,

566 1658 719 1740 Indulget
734 1658 849 1722 studiis
864 1659 1128 1743 carminibusque
1144 1671 1256 1736 vacat;
1354 1665 1440 1725 1670

480 1759 710 1845 Dispensanda
724 1760 839 1824 domus
853 1760 902 1822 illi
918 1763 1093 1824 commissa
1106 1763 1256 1844 resurgit,

567 1863 673 1944 Atque
688 1859 764 1923 mali
779 1860 905 1943 species
919 1861 983 1924 hoc
1000 1862 1151 1925 veniente
1166 1863 1259 1944 fugit

479 1965 555 2026 Non
567 1971 653 2024 amat
663 1961 748 2024 hunc
761 1961 925 2037 Balathro‚
937 1983 1005 2024 uon
1017 1963 1142 2035 Davus,
1156 1964 1349 2048 Pamphilus
1361 1964 1444 2044 odit,

566 2061 690 2144 Cuique
705 2061 787 2123 nihil
801 2062 940 2142 gravius,
955 2083 1053 2145 quam
1068 2062 1207 2127 residere
1222 2063 1324 2128 domi.

864 2164 915 2226 De
931 2161 1048 2227 odone.

479 2265 552 2329 odo
567 2265 657 2328 libris
672 2275 758 2328 totus
773 2265 946 2343 incumbit,
960 2265 1018 2328 scd
1033 2277 1141 2330 temen
1156 2267 1232 2345 illis,
1354 2272 1440 2332 1676

565 2365 630 2436 Qui
645 2363 810 2428 Christum
825 2366 981 2444 redolent,
997 2367 1099 2448 gratia
1113 2367 1216 2452 major
1229 2369 1326 2447 inest,

480 2465 546 2528 Hic
563 2467 667 2547 gravis
683 2465 874 2549 Eumolpis;
897 2469 1078 2552 Encolpius
1093 2471 1181 2532 hunc
1197 2479 1233 2532 et
1248 2470 1376 2534 Adonis

567 2564 652 2629 Cum
667 2565 800 2629 Gittone
816 2575 942 2644 cavent,
956 2578 989 2629 ct
1003 2568 1113 2630 Venus
1129 2569 1201 2652 ipsa
1216 2569 1320 2632 timet.

481 2664 585 2732 Cauta
601 2687 714 2729 manus
728 2665 881 2744 Britonis,
896 2666 1023 2730 Odonis
1038 2678 1072 2731 ct
1086 2689 1182 2732 aurea
1195 2669 1319 2750 lingua,
1348 2689 1351 2692 ’

567 2771 654 2834 Dum
662 2767 986 2852 Christumloquitur:
999 2770 1116 2852 plenus
1122 2782 1254 2855 uterque
1262 2771 1338 2837 fide.
1353 2776 1440 2837 1680

482 2869 529 2931 Hi
543 2869 602 2932 tibi
619 2868 684 2932 sint
697 2867 842 2941 comites,
857 2867 923 2930 illis
939 2877 996 2931 tua
1011 2881 1130 2933 cuncta
1144 2871 1263 2948 revela,

570 2969 655 3032 Nam
671 2965 772 3044 Brito,
787 2967 873 3050 quod
888 2967 987 3046 ludis,
1002 2967 1089 3050 quod
1105 2971 1205 3053 sapis,
1220 2970 1294 3035 Odo
1314 2975 1441 3056 probat

857 3070 905 3130 De
922 3066 1067 3134 Querolo.

483 3171 664 3234 Plautinum
680 3169 853 3241 Querulum
869 3169 992 3232 miraris
1007 3169 1128 3252 ubique
1144 3171 1258 3252 videri,

568 3269 734 3352 Mancipio
749 3270 805 3331 tali
819 3289 885 3332 nou
902 3280 989 3332 caret
1003 3271 1072 3333 ulla
1086 3271 1220 3352 domns;

483 3371 559 3434 Non
574 3370 664 3433 illum
679 3369 806 3450 placare
821 3380 929 3453 potest
943 3371 1081 3449 fortuna,
1096 3373 1239 3452 Deusre,
1356 3382 1442 3443 1686

571 3471 657 3544 Quin
672 3469 746 3531 forti
763 3489 890 3550 semper
904 3469 1052 3534 detrahat
1067 3481 1164 3556 atque
1180 3475 1262 3539 Deo.

485 3573 649 3637 Divitibus
663 3571 791 3635 cunctis
807 3569 919 3634 videas
935 3571 1060 3635 adstare
1075 3574 1218 3651 volones,

572 3675 619 3737 Ut
632 3672 729 3736 modo
744 3691 804 3734 uec
820 3672 953 3738 Gnatho
969 3673 1071 3753 possit
1085 3673 1204 3738 habere
1220 3676 1340 3740 locum.

484 3773 521 3837 Si
536 3773 644 3837 doleat
658 3772 748 3836 dives
761 3771 898 3856 cupidus
914 3773 1073 3856 spoliante
1089 3774 1218 3853 volone,

570 3872 783 3947 Quisdoleat?
795 3873 871 3937 satis
881 3874 1227 3958 estquidquidararua
1235 3878 1344 3942 habet.
1359 3883 1444 3943 1690

875 3975 927 4038 De
941 3974 1046 4038 Zoilo.

485 4079 660 4165 Computat
674 4099 835 4160 expensas
851 4099 1024 4154 servorum,
1039 4079 1126 4144 facta
1140 4083 1276 4144 revolvit

571 4181 692 4254 Zoilus,
709 4189 743 4240 ut
758 4176 880 4240 domini
895 4179 996 4242 stillet
1009 4181 1042 4242 in
1059 4201 1135 4243 aute
1151 4181 1211 4244 sui.

485 4283 573 4362 Ergo
589 4278 694 4342 tidelis
709 4277 779 4353 erit,
793 4277 869 4360 quia
884 4289 1031 4361 sumptus
1045 4293 1160 4364 pensat
1174 4281 1316 4347 heriles?

571 4379 659 4456 Non,
673 4375 730 4442 sed
744 4375 907 4440 adulando
923 4379 1037 4460 quaerit
1052 4391 1085 4444 et
1099 4390 1197 4462 auget
1211 4401 1311 4464 opes3
