3625 5317
507 788 566 855 llo
774 800 913 848 sonsum
927 798 1208 845 aaamnsnrsusts
1298 780 1383 861 [mn.
1401 800 1454 845 ιιι.

505 970 562 1023 aut
578 954 687 1019 vitiose
701 951 787 1017 diota
805 952 939 1028 fuerint,
960 950 1125 1026 oblivioni,
1146 950 1294 1035 tempori,
1315 961 1348 1013 et
1362 971 1454 1013 oocu-

506 1054 691 1145 pstionibus
705 1055 916 1138 imputentur.

508 1245 587 1330 Cap.
606 1245 633 1305 l.
658 1240 816 1316 Quomodo
837 1240 1054 1323 Porphyrium
1070 1238 1134 1319 legi
1151 1244 1304 1321 oporteat,
1325 1247 1356 1301 et
1378 1238 1455 1299 ulios

902 1348 1059 1405 auctores.

551 1462 718 1529 Eouronu
735 1477 777 1521 ex
791 1455 887 1519 animi
897 1454 958 1519 mei
970 1453 1135 1530 sententia,
1148 1454 1193 1517 sio
1203 1473 1327 1517 omnem
1338 1450 1452 1517 librum

508 1560 571 1646 legi
592 1569 731 1643 oportet,
754 1570 789 1621 ut
812 1578 910 1644 quam
932 1554 1082 1620 facillime
1103 1565 1220 1641 potest,
1242 1576 1365 1631 eorum,
1379 1575 1452 1639 quoe

509 1660 704 1736 scribuntur,
734 1659 889 1724 habeatur
917 1656 1067 1740 cognitio.
1120 1659 1195 1721 Nou
1224 1654 1309 1719 enim
1336 1654 1455 1719 mensio

509 1760 680 1852 querende
715 1772 762 1825 est
797 1755 980 1844 ingerendae
1008 1754 1216 1834 difficultatis,
1250 1754 1306 1819 sed
1336 1753 1454 1839 ubique

508 1863 643 1930 facilitas
672 1859 861 1946 generanda
908 1859 1010 1935 Qtrem
1041 1878 1158 1921 morem
1184 1870 1328 1921 secutum
1354 1853 1455 1919 reoolo

508 1968 759 2048 Peripateticum
771 1961 970 2025 Palatinum.
1017 1959 1100 2024 lude
1110 1971 1169 2038 est,
1183 1969 1220 2023 ut
1231 1958 1355 2044 opinor,
1369 1956 1455 2044 quod

509 2087 543 2128 se
565 2063 606 2130 ad
628 2061 782 2148 puerilem
805 2060 846 2123 de
867 2059 1040 2144 generibus
1060 2072 1092 2124 et
1114 2058 1289 2145 speciebus.
1320 2077 1358 2123 ut
1380 2078 1455 2144 pace

509 2184 640 2230 suorum
652 2160 775 2246 loquar,
785 2159 949 2223 inclinavit
960 2160 1157 2246 opinionem:
1174 2159 1456 2224 malensinstruere

509 2280 541 2329 et
562 2283 748 2349 promovere
769 2282 843 2325 suos
864 2259 896 2324 in
919 2260 1108 2346 puerilibus,
1130 2284 1228 2348 quam
1250 2262 1283 2325 io
1300 2260 1456 2347 gravitate

509 2362 772 2451 philosophorum
796 2382 865 2425 esse
886 2362 1062 2427 obscurior.
1107 2362 1259 2427 Faciebat
1281 2363 1366 2427 enim
1389 2374 1457 2425 stu·

509 2462 695 2539 diosissime‚
716 2460 803 2547 quod
834 2462 864 2524 ιιι
896 2461 1044 2526 omuibus
1063 2462 1210 2548 praecipit
1237 2461 1304 2526 fieri
1329 2464 1456 2547 Augus-

507 2563 604 2639 tinus,
627 2560 660 2627 id
681 2572 738 2639 est,
760 2582 866 2627 renem
886 2563 1063 2627 intellectui
1075 2564 1235 2627 seruiebat.
1282 2562 1398 2647 ltaque
1413 2562 1456 2625 sic

509 2663 709 2750 Porphyrius
730 2660 883 2747 legendus
905 2673 965 2737 est,
996 2674 1033 2725 ut
1055 2682 1248 2739 sermonum,
1273 2661 1314 2725 de
1339 2663 1455 2748 quibus

506 2765 626 2852 agitur,
632 2762 820 2850 significatio
829 2774 986 2836 teneatur,
998 2775 1030 2826 et
1039 2784 1080 2825 ex
1088 2763 1158 2848 ipsa
1166 2762 1331 2849 superficie
1343 2763 1456 2828 babea-

507 2884 676 2935 tursensus
687 2868 873 2933 verborum:
891 2865 936 2929 sio
947 2865 1029 2928 enim
1037 2865 1115 2929 soti
1124 2866 1376 2931 introductorius
1384 2867 1455 2942 erit,

507 2986 539 3037 et
561 2971 648 3037 sacili
670 2969 828 3034 brevitate
850 2967 1049 3053 conspicuus.
1096 2966 1240 3033 Sufficiat
1260 2990 1338 3054 ergo
1359 2968 1457 3033 intro-

508 3071 655 3137 ducendo
676 3091 778 3143 nosse,
794 3068 872 3153 quis
892 3088 1006 3131 nomen
1020 3066 1144 3150 generis
1164 3067 1331 3153 multiplex
1348 3082 1409 3145 est,
1424 3080 1456 3133 et

447 3202 451 3209 ·
506 3190 527 3231 a
540 3169 643 3254 prima
653 3167 852 3231 institutione
864 3166 1022 3251 signifieat
1032 3166 1245 3251 generationis
1253 3168 1456 3254 principium,

506 3267 540 3331 id
556 3280 615 3346 est,
628 3278 823 3353 parentemn
838 3288 915 3351 quo,
930 3267 981 3332 vel
996 3267 1100 3333 locum
1117 3268 1227 3355 inquo
1240 3272 1315 3354 quis
1328 3270 1456 3355 genitus

506 3382 562 3435 est.
607 3368 704 3432 Unde
718 3367 885 3453 Polynices
899 3370 941 3433 ab
957 3369 1095 3435 Adrasto
1115 3394 1217 3457 genus
1231 3372 1456 3457 interrogatus,

507 3470 550 3534 sit
568 3483 742 3555 utrumque
757 3467 980 3554 complectens,

635 3585 751 3639 Cadmus
762 3587 835 3655 origo
847 3592 958 3659 potrum,
970 3587 1048 3642 tellus
1061 3590 1191 3643 Mavortia
1202 3590 1311 3643 Thebae.

508 3690 634 3756 Deinde
649 3690 722 3756 hinc
738 3692 925 3757 translatum
937 3704 996 3771 est,
1008 3694 1049 3758 ad
1062 3694 1303 3780 significandum
1319 3693 1353 3757 id
1369 3692 1456 3780 quod

507 3792 547 3855 de
569 3792 790 3859 differentibus
809 3793 911 3879 specie
931 3794 1058 3880 inquid
1081 3795 1283 3881 praedicatur.
1329 3799 1411 3860 Item
1425 3806 1456 3857 et

506 3892 625 3977 species
642 3891 861 3979 multiplieiter
877 3892 1011 3959 dieitur:
1036 3917 1108 3959 narn
1127 3896 1168 3960 ab
1182 3896 1382 3963 institutione
1395 3893 1458 3957 for-

507 4012 591 4055 mem
607 3990 774 4075 significet,
790 4014 862 4078 quse
881 3993 914 4055 ιιι
938 3992 1136 4059 lineamentis
1155 3996 1371 4060 membrorum
1388 4014 1458 4058 con-

507 4090 609 4157 sistit:
634 4089 717 4154 unde
743 4102 774 4154 et
801 4094 973 4177 speciosus,
994 4092 1078 4157 idem
1103 4108 1151 4159 est
1177 4095 1325 4159 formoso.
1372 4094 1456 4157 Hine

506 4204 614 4257 autem
637 4204 800 4276 sumptum
824 4204 883 4266 est,
904 4191 944 4255 ad
970 4192 1229 4275 significationem
1253 4196 1335 4282 ejus,
1357 4194 1457 4281 quod,

508 4292 625 4379 inquit,
647 4291 688 4355 de
710 4290 933 4356 differentibus
955 4312 1087 4358 nomem
1114 4297 1317 4382 praedicatur.
1362 4294 1457 4360 Unde

506 4408 627 4460 constet
648 4391 774 4457 nomina
797 4390 876 4470 hoeo,
892 4416 954 4458 non
977 4417 1044 4459 esse
1067 4398 1213 4464 secunda
1235 4396 1456 4483 impositionis,
