<?xml version="1.0" encoding="UTF-8"?>
<!DOCTYPE html PUBLIC "-//W3C//DTD XHTML 1.0 Transitional//EN"
    "http://www.w3.org/TR/xhtml1/DTD/xhtml1-transitional.dtd">
<html xmlns="http://www.w3.org/1999/xhtml" xml:lang="en" lang="en">
 <head>
  <title>
</title>
<meta http-equiv="Content-Type" content="text/html;charset=utf-8" />
  <meta name='ocr-system' content='tesseract 3.04.00' />
  <meta name='ocr-capabilities' content='ocr_page ocr_carea ocr_par ocr_line ocrx_word'/>
</head>
<body>
  <div class='ocr_page' id='page_1' title='image "./joannissaresber13johngoog_0279.png"; bbox 0 0 3625 5317; ppageno 0'>
   <div class='ocr_carea' id='block_1_1' title="bbox 764 810 985 859">
    <p class='ocr_par' dir='ltr' id='par_1_1' title="bbox 764 810 985 859">
     <span class='ocr_line' id='line_1_1' title="bbox 764 810 985 859; baseline 0.018 -4"><span class='ocrx_word' id='word_1_1' title='bbox 764 810 985 859; x_wconf 76' lang='lat' dir='ltr'><strong>BNTHETICUS.</strong></span> 
     </span>
    </p>
   </div>
   <div class='ocr_carea' id='block_1_2' title="bbox 395 960 1380 4167">
    <p class='ocr_par' dir='ltr' id='par_1_2' title="bbox 395 960 1380 4167">
     <span class='ocr_line' id='line_1_2' title="bbox 485 960 1208 1049; baseline 0.008 -27"><span class='ocrx_word' id='word_1_2' title='bbox 485 960 591 1031; x_wconf 85' lang='lat' dir='ltr'><strong>Quam</strong></span> <span class='ocrx_word' id='word_1_3' title='bbox 609 960 737 1025; x_wconf 80' lang='lat' dir='ltr'><strong>tandem</strong></span> <span class='ocrx_word' id='word_1_4' title='bbox 754 964 868 1027; x_wconf 79' lang='lat' dir='ltr'><strong>victrix</strong></span> <span class='ocrx_word' id='word_1_5' title='bbox 885 964 1096 1049; x_wconf 70' lang='lat' dir='ltr'><strong>Philosophia</strong></span> <span class='ocrx_word' id='word_1_6' title='bbox 1111 967 1208 1048; x_wconf 77' lang='lat' dir='ltr'><strong>luget.</strong></span> 
     </span>
     <span class='ocr_line' id='line_1_3' title="bbox 395 1057 1022 1148; baseline 0.016 -27"><span class='ocrx_word' id='word_1_7' title='bbox 395 1057 519 1123; x_wconf 76' lang='lat' dir='ltr'><strong>indicit</strong></span> <span class='ocrx_word' id='word_1_8' title='bbox 534 1062 653 1125; x_wconf 87' lang='lat' dir='ltr'><strong>bellum</strong></span> <span class='ocrx_word' id='word_1_9' title='bbox 671 1065 776 1128; x_wconf 75' lang='lat' dir='ltr'><strong>virtuti</strong></span> <span class='ocrx_word' id='word_1_10' title='bbox 793 1068 894 1148; x_wconf 82' lang='lat' dir='ltr'><strong>primu</strong></span> <span class='ocrx_word' id='word_1_11' title='bbox 909 1067 1022 1144; x_wconf 88' lang='lat' dir='ltr'><strong>libido,</strong></span> 
     </span>
     <span class='ocr_line' id='line_1_4' title="bbox 486 1161 1272 1250; baseline 0.005 -27"><span class='ocrx_word' id='word_1_12' title='bbox 486 1161 596 1232; x_wconf 91' lang='lat' dir='ltr'><strong>Quum</strong></span> <span class='ocrx_word' id='word_1_13' title='bbox 611 1184 697 1236; x_wconf 81' lang='lat' dir='ltr'><strong>curo,</strong></span> <span class='ocrx_word' id='word_1_14' title='bbox 714 1186 812 1247; x_wconf 92' lang='lat' dir='ltr'><strong>quum</strong></span> <span class='ocrx_word' id='word_1_15' title='bbox 829 1169 958 1249; x_wconf 82' lang='lat' dir='ltr'><strong>sangnis</strong></span> <span class='ocrx_word' id='word_1_16' title='bbox 973 1169 1074 1233; x_wconf 88' lang='lat' dir='ltr'><strong>uritur</strong></span> <span class='ocrx_word' id='word_1_17' title='bbox 1088 1170 1163 1250; x_wconf 87' lang='lat' dir='ltr'><strong>igne</strong></span> <span class='ocrx_word' id='word_1_18' title='bbox 1177 1188 1272 1233; x_wconf 85' lang='lat' dir='ltr'><strong>novo.</strong></span> 
     </span>
     <span class='ocr_line' id='line_1_5' title="bbox 651 1266 1103 1339; baseline 0.009 -12"><span class='ocrx_word' id='word_1_19' title='bbox 651 1266 735 1339; x_wconf 78' lang='lat' dir='ltr'><strong>Qum</strong></span> <span class='ocrx_word' id='word_1_20' title='bbox 749 1275 915 1331; x_wconf 78' lang='lat' dir='ltr'><strong>cuerceunt</strong></span> <span class='ocrx_word' id='word_1_21' title='bbox 929 1267 1103 1332; x_wconf 73' lang='lat' dir='ltr'><strong><em>libidinem.</em></strong></span> 
     </span>
     <span class='ocr_line' id='line_1_6' title="bbox 397 1365 1196 1455; baseline 0.014 -30"><span class='ocrx_word' id='word_1_22' title='bbox 397 1365 500 1428; x_wconf 89' lang='lat' dir='ltr'><strong>Hunc</strong></span> <span class='ocrx_word' id='word_1_23' title='bbox 516 1378 665 1449; x_wconf 87' lang='lat' dir='ltr'><strong>poterunt</strong></span> <span class='ocrx_word' id='word_1_24' title='bbox 680 1368 791 1433; x_wconf 83' lang='lat' dir='ltr'><strong>sedare</strong></span> <span class='ocrx_word' id='word_1_25' title='bbox 803 1371 894 1433; x_wconf 85' lang='lat' dir='ltr'><strong>labor</strong></span> <span class='ocrx_word' id='word_1_26' title='bbox 908 1375 1076 1455; x_wconf 75' lang='lat' dir='ltr'>tenuisque</span> <span class='ocrx_word' id='word_1_27' title='bbox 1091 1371 1196 1450; x_wconf 74' lang='lat' dir='ltr'><strong>diaeee,</strong></span> 
     </span>
     <span class='ocr_line' id='line_1_7' title="bbox 487 1469 1350 1554; baseline 0.006 -25"><span class='ocrx_word' id='word_1_28' title='bbox 487 1469 613 1552; x_wconf 79' lang='lat' dir='ltr'><strong>Quique</strong></span> <span class='ocrx_word' id='word_1_29' title='bbox 628 1472 861 1553; x_wconf 72' lang='lat' dir='ltr'><strong>placeremus,</strong></span> <span class='ocrx_word' id='word_1_30' title='bbox 876 1492 927 1535; x_wconf 87' lang='lat' dir='ltr'><strong>res</strong></span> <span class='ocrx_word' id='word_1_31' title='bbox 941 1473 1084 1554; x_wconf 79' lang='lat' dir='ltr'><strong>fugitive,</strong></span> <span class='ocrx_word' id='word_1_32' title='bbox 1098 1474 1200 1537; x_wconf 86' lang='lat' dir='ltr'><strong>timor.</strong></span> <span class='ocrx_word' id='word_1_33' title='bbox 1287 1478 1350 1537; x_wconf 96' lang='grc'><strong>880</strong></span> 
     </span>
     <span class='ocr_line' id='line_1_8' title="bbox 633 1572 1111 1655; baseline 0.008 -22"><span class='ocrx_word' id='word_1_34' title='bbox 633 1572 718 1645; x_wconf 78' lang='lat' dir='ltr'><strong>Qum</strong></span> <span class='ocrx_word' id='word_1_35' title='bbox 732 1574 912 1655; x_wconf 80' lang='lat' dir='ltr'><strong>reprimant</strong></span> <span class='ocrx_word' id='word_1_36' title='bbox 925 1576 1111 1637; x_wconf 69' lang='lat' dir='ltr'><strong>neemiam.</strong></span> 
     </span>
     <span class='ocr_line' id='line_1_9' title="bbox 398 1672 1243 1759; baseline 0.007 -26"><span class='ocrx_word' id='word_1_37' title='bbox 398 1672 494 1735; x_wconf 85' lang='lat' dir='ltr'><strong>Bella</strong></span> <span class='ocrx_word' id='word_1_38' title='bbox 510 1676 650 1737; x_wconf 85' lang='lat' dir='ltr'><strong>secunda</strong></span> <span class='ocrx_word' id='word_1_39' title='bbox 665 1687 771 1739; x_wconf 81' lang='lat' dir='ltr'><strong>moret</strong></span> <span class='ocrx_word' id='word_1_40' title='bbox 785 1696 874 1737; x_wconf 85' lang='lat' dir='ltr'><strong>umor</strong></span> <span class='ocrx_word' id='word_1_41' title='bbox 888 1676 1077 1759; x_wconf 87' lang='lat' dir='ltr'><strong>irrequietus</strong></span> <span class='ocrx_word' id='word_1_42' title='bbox 1091 1675 1243 1754; x_wconf 82' lang='lat' dir='ltr'><strong>habendi,</strong></span> 
     </span>
     <span class='ocr_line' id='line_1_10' title="bbox 488 1774 1264 1859; baseline 0.004 -22"><span class='ocrx_word' id='word_1_43' title='bbox 488 1774 697 1839; x_wconf 84' lang='lat' dir='ltr'><strong>Succendens</strong></span> <span class='ocrx_word' id='word_1_44' title='bbox 712 1776 834 1839; x_wconf 83' lang='lat' dir='ltr'><strong>animes</strong></span> <span class='ocrx_word' id='word_1_45' title='bbox 849 1797 972 1859; x_wconf 86' lang='lat' dir='ltr'><strong>pronus</strong></span> <span class='ocrx_word' id='word_1_46' title='bbox 987 1776 1029 1839; x_wconf 83' lang='lat' dir='ltr'><strong>ed</strong></span> <span class='ocrx_word' id='word_1_47' title='bbox 1043 1796 1138 1840; x_wconf 88' lang='lat' dir='ltr'><strong>omne</strong></span> <span class='ocrx_word' id='word_1_48' title='bbox 1153 1776 1264 1852; x_wconf 57' lang='grc' dir='ltr'><strong>παίω</strong></span> 
     </span>
     <span class='ocr_line' id='line_1_11' title="bbox 400 1876 1259 1962; baseline 0.01 -27"><span class='ocrx_word' id='word_1_49' title='bbox 400 1876 561 1957; x_wconf 74' lang='lat' dir='ltr'><strong>instigant</strong></span> <span class='ocrx_word' id='word_1_50' title='bbox 576 1877 663 1939; x_wconf 88' lang='lat' dir='ltr'><strong>oculi</strong></span> <span class='ocrx_word' id='word_1_51' title='bbox 680 1892 830 1954; x_wconf 86' lang='lat' dir='ltr'><strong>mentem,</strong></span> <span class='ocrx_word' id='word_1_52' title='bbox 846 1898 945 1961; x_wconf 91' lang='lat' dir='ltr'><strong>quum</strong></span> <span class='ocrx_word' id='word_1_53' title='bbox 959 1878 1087 1959; x_wconf 80' lang='lat' dir='ltr'><strong>singula</strong></span> <span class='ocrx_word' id='word_1_54' title='bbox 1101 1891 1259 1962; x_wconf 81' lang='lat' dir='ltr'><strong>spectant,</strong></span> 
     </span>
     <span class='ocr_line' id='line_1_12' title="bbox 493 1977 1270 2062; baseline -0.001 -21"><span class='ocrx_word' id='word_1_55' title='bbox 493 1978 536 2041; x_wconf 91' lang='lat' dir='ltr'><strong>Ut</strong></span> <span class='ocrx_word' id='word_1_56' title='bbox 551 1979 625 2041; x_wconf 86' lang='lat' dir='ltr'><strong>velit</strong></span> <span class='ocrx_word' id='word_1_57' title='bbox 640 2000 710 2042; x_wconf 82' lang='lat' dir='ltr'><strong>esse</strong></span> <span class='ocrx_word' id='word_1_58' title='bbox 726 2000 830 2054; x_wconf 84' lang='lat' dir='ltr'><strong>suurn,</strong></span> <span class='ocrx_word' id='word_1_59' title='bbox 846 1977 933 2062; x_wconf 89' lang='lat' dir='ltr'><strong>quod</strong></span> <span class='ocrx_word' id='word_1_60' title='bbox 948 1992 1041 2062; x_wconf 84' lang='lat' dir='ltr'><strong>putet</strong></span> <span class='ocrx_word' id='word_1_61' title='bbox 1054 2000 1124 2043; x_wconf 87' lang='lat' dir='ltr'><strong>esse</strong></span> <span class='ocrx_word' id='word_1_62' title='bbox 1140 1980 1270 2043; x_wconf 91' lang='lat' dir='ltr'><strong>bonum.</strong></span> 
     </span>
     <span class='ocr_line' id='line_1_13' title="bbox 400 2076 1352 2161; baseline 0.004 -24"><span class='ocrx_word' id='word_1_63' title='bbox 400 2076 548 2140; x_wconf 83' lang='lat' dir='ltr'><strong>Conterit</strong></span> <span class='ocrx_word' id='word_1_64' title='bbox 563 2078 623 2141; x_wconf 90' lang='lat' dir='ltr'><strong>hac</strong></span> <span class='ocrx_word' id='word_1_65' title='bbox 641 2078 750 2141; x_wconf 77' lang='lat' dir='ltr'><strong>vitium</strong></span> <span class='ocrx_word' id='word_1_66' title='bbox 765 2098 871 2140; x_wconf 86' lang='lat' dir='ltr'><strong>rerum</strong></span> <span class='ocrx_word' id='word_1_67' title='bbox 885 2079 1061 2161; x_wconf 78' lang='lat' dir='ltr'><strong>speculatio</strong></span> <span class='ocrx_word' id='word_1_68' title='bbox 1076 2089 1181 2157; x_wconf 81' lang='lat' dir='ltr'><strong>centa,</strong></span> <span class='ocrx_word' id='word_1_69' title='bbox 1289 2082 1352 2143; x_wconf 80' lang='grc'><strong>880</strong></span> 
     </span>
     <span class='ocr_line' id='line_1_14' title="bbox 487 2178 1138 2263; baseline 0.003 -22"><span class='ocrx_word' id='word_1_70' title='bbox 487 2180 532 2241; x_wconf 86' lang='lat' dir='ltr'><strong>Et</strong></span> <span class='ocrx_word' id='word_1_71' title='bbox 546 2178 675 2243; x_wconf 89' lang='lat' dir='ltr'><strong>divinus</strong></span> <span class='ocrx_word' id='word_1_72' title='bbox 689 2200 778 2243; x_wconf 82' lang='lat' dir='ltr'><strong>amor</strong></span> <span class='ocrx_word' id='word_1_73' title='bbox 792 2180 1010 2263; x_wconf 80' lang='lat' dir='ltr'><strong>suppliciique</strong></span> <span class='ocrx_word' id='word_1_74' title='bbox 1026 2190 1138 2243; x_wconf 82' lang='lat' dir='ltr'><strong>metus.</strong></span> 
     </span>
     <span class='ocr_line' id='line_1_15' title="bbox 402 2280 1351 2363; baseline 0.002 -19"><span class='ocrx_word' id='word_1_75' title='bbox 402 2280 497 2353; x_wconf 82' lang='lat' dir='ltr'><strong>Quod</strong></span> <span class='ocrx_word' id='word_1_76' title='bbox 510 2282 579 2343; x_wconf 83' lang='lat' dir='ltr'><strong>alia</strong></span> <span class='ocrx_word' id='word_1_77' title='bbox 593 2282 674 2343; x_wconf 83' lang='lat' dir='ltr'><strong>uilia</strong></span> <span class='ocrx_word' id='word_1_78' title='bbox 687 2283 843 2345; x_wconf 81' lang='lat' dir='ltr'><strong>oriuntur</strong></span> <span class='ocrx_word' id='word_1_79' title='bbox 862 2302 903 2344; x_wconf 77' lang='lat' dir='ltr'><strong>eu</strong></span> <span class='ocrx_word' id='word_1_80' title='bbox 921 2281 1005 2355; x_wconf 79' lang='lat' dir='ltr'><strong>aliie,</strong></span> <span class='ocrx_word' id='word_1_81' title='bbox 1020 2282 1077 2346; x_wconf 80' lang='lat' dir='ltr'><strong>sed</strong></span> <span class='ocrx_word' id='word_1_82' title='bbox 1085 2281 1233 2363; x_wconf 78' lang='lat' dir='ltr'><strong>superbia</strong></span> <span class='ocrx_word' id='word_1_83' title='bbox 1252 2283 1351 2346; x_wconf 79' lang='lat' dir='ltr'><strong>elium</strong></span> 
     </span>
     <span class='ocr_line' id='line_1_16' title="bbox 785 2388 968 2449; baseline -0.005 -2"><span class='ocrx_word' id='word_1_84' title='bbox 785 2404 825 2447; x_wconf 83' lang='lat' dir='ltr'><strong>eu</strong></span> <span class='ocrx_word' id='word_1_85' title='bbox 838 2388 968 2449; x_wconf 80' lang='lat' dir='ltr'><strong>uirtute.</strong></span> 
     </span>
     <span class='ocr_line' id='line_1_17' title="bbox 399 2483 1051 2569; baseline 0.008 -22"><span class='ocrx_word' id='word_1_86' title='bbox 399 2484 457 2547; x_wconf 84' lang='lat' dir='ltr'><strong>Ex</strong></span> <span class='ocrx_word' id='word_1_87' title='bbox 473 2483 557 2547; x_wconf 79' lang='lat' dir='ltr'><strong>vitiis</strong></span> <span class='ocrx_word' id='word_1_88' title='bbox 572 2486 641 2549; x_wconf 84' lang='lat' dir='ltr'><strong>aliis</strong></span> <span class='ocrx_word' id='word_1_89' title='bbox 657 2488 791 2551; x_wconf 84' lang='lat' dir='ltr'><strong>eliorum</strong></span> <span class='ocrx_word' id='word_1_90' title='bbox 807 2499 936 2553; x_wconf 84' lang='lat' dir='ltr'><strong>constat</strong></span> <span class='ocrx_word' id='word_1_91' title='bbox 950 2488 1051 2569; x_wconf 89' lang='lat' dir='ltr'><strong>origo,</strong></span> 
     </span>
     <span class='ocr_line' id='line_1_18' title="bbox 489 2585 1195 2673; baseline 0.001 -24"><span class='ocrx_word' id='word_1_92' title='bbox 489 2585 534 2650; x_wconf 91' lang='lat' dir='ltr'><strong>Et</strong></span> <span class='ocrx_word' id='word_1_93' title='bbox 549 2586 589 2651; x_wconf 89' lang='lat' dir='ltr'><strong>de</strong></span> <span class='ocrx_word' id='word_1_94' title='bbox 605 2590 772 2673; x_wconf 81' lang='lat' dir='ltr'><strong>principiis</strong></span> <span class='ocrx_word' id='word_1_95' title='bbox 786 2604 861 2653; x_wconf 84' lang='lat' dir='ltr'><strong>sunt</strong></span> <span class='ocrx_word' id='word_1_96' title='bbox 875 2592 960 2655; x_wconf 84' lang='lat' dir='ltr'><strong>mnia</strong></span> <span class='ocrx_word' id='word_1_97' title='bbox 979 2592 1078 2653; x_wconf 84' lang='lat' dir='ltr'><strong>multa</strong></span> <span class='ocrx_word' id='word_1_98' title='bbox 1093 2591 1195 2653; x_wconf 78' lang='lat' dir='ltr'><strong>melis.</strong></span> 
     </span>
     <span class='ocr_line' id='line_1_19' title="bbox 401 2690 1140 2775; baseline 0.003 -24"><span class='ocrx_word' id='word_1_99' title='bbox 401 2690 512 2753; x_wconf 81' lang='lat' dir='ltr'><strong>AEstus</strong></span> <span class='ocrx_word' id='word_1_100' title='bbox 527 2692 665 2756; x_wconf 81' lang='lat' dir='ltr'><strong>svariliae</strong></span> <span class='ocrx_word' id='word_1_101' title='bbox 683 2694 786 2774; x_wconf 78' lang='lat' dir='ltr'><strong>gignit</strong></span> <span class='ocrx_word' id='word_1_102' title='bbox 801 2693 988 2774; x_wconf 87' lang='lat' dir='ltr'><strong>plerumque</strong></span> <span class='ocrx_word' id='word_1_103' title='bbox 1002 2692 1140 2775; x_wconf 80' lang='lat' dir='ltr'><strong>rupinus,</strong></span> 
     </span>
     <span class='ocr_line' id='line_1_20' title="bbox 490 2791 1354 2875; baseline -0.005 -20"><span class='ocrx_word' id='word_1_104' title='bbox 490 2791 583 2875; x_wconf 78' lang='lat' dir='ltr'><strong>Saepe</strong></span> <span class='ocrx_word' id='word_1_105' title='bbox 598 2792 674 2855; x_wconf 72' lang='lat' dir='ltr'><strong>lacit</strong></span> <span class='ocrx_word' id='word_1_106' title='bbox 688 2791 842 2874; x_wconf 86' lang='lat' dir='ltr'><strong>cupidum</strong></span> <span class='ocrx_word' id='word_1_107' title='bbox 859 2792 1024 2853; x_wconf 81' lang='lat' dir='ltr'><strong>luxuriosa</strong></span> <span class='ocrx_word' id='word_1_108' title='bbox 1040 2792 1159 2853; x_wconf 85' lang='lat' dir='ltr'><strong>Venus.</strong></span> <span class='ocrx_word' id='word_1_109' title='bbox 1290 2794 1354 2851; x_wconf 93' lang='grc'><strong>890</strong></span> 
     </span>
     <span class='ocr_line' id='line_1_21' title="bbox 402 2888 1296 2974; baseline -0.004 -21"><span class='ocrx_word' id='word_1_110' title='bbox 402 2891 617 2955; x_wconf 79' lang='lat' dir='ltr'><strong>immoderata</strong></span> <span class='ocrx_word' id='word_1_111' title='bbox 632 2891 715 2974; x_wconf 81' lang='lat' dir='ltr'><strong>parit</strong></span> <span class='ocrx_word' id='word_1_112' title='bbox 730 2892 888 2952; x_wconf 81' lang='lat' dir='ltr'><strong>Venerem</strong></span> <span class='ocrx_word' id='word_1_113' title='bbox 903 2890 988 2971; x_wconf 74' lang='lat' dir='ltr'><strong>grtia,</strong></span> <span class='ocrx_word' id='word_1_114' title='bbox 1003 2888 1059 2952; x_wconf 80' lang='lat' dir='ltr'><strong>dat</strong></span> <span class='ocrx_word' id='word_1_115' title='bbox 1072 2889 1158 2951; x_wconf 83' lang='lat' dir='ltr'><strong>furor</strong></span> <span class='ocrx_word' id='word_1_116' title='bbox 1171 2908 1296 2964; x_wconf 84' lang='lat' dir='ltr'><strong>nusum,</strong></span> 
     </span>
     <span class='ocr_line' id='line_1_22' title="bbox 491 2990 1180 3065; baseline -0.012 -10"><span class='ocrx_word' id='word_1_117' title='bbox 491 2992 592 3055; x_wconf 85' lang='lat' dir='ltr'><strong>Livor</strong></span> <span class='ocrx_word' id='word_1_118' title='bbox 627 2992 711 3055; x_wconf 86' lang='lat' dir='ltr'><strong>cdnx</strong></span> <span class='ocrx_word' id='word_1_119' title='bbox 729 2991 852 3065; x_wconf 89' lang='lat' dir='ltr'><strong>odium,</strong></span> <span class='ocrx_word' id='word_1_120' title='bbox 868 2992 904 3054; x_wconf 88' lang='lat' dir='ltr'><strong>fit</strong></span> <span class='ocrx_word' id='word_1_121' title='bbox 921 3001 1012 3054; x_wconf 77' lang='lat' dir='ltr'><strong>retus</strong></span> <span class='ocrx_word' id='word_1_122' title='bbox 1028 2991 1074 3054; x_wconf 80' lang='lat' dir='ltr'><strong>irs</strong></span> <span class='ocrx_word' id='word_1_123' title='bbox 1089 2990 1180 3051; x_wconf 83' lang='lat' dir='ltr'><strong>furor.</strong></span> 
     </span>
     <span class='ocr_line' id='line_1_23' title="bbox 402 3091 1220 3175; baseline -0.009 -16"><span class='ocrx_word' id='word_1_124' title='bbox 402 3097 458 3159; x_wconf 87' lang='lat' dir='ltr'><strong>Sic</strong></span> <span class='ocrx_word' id='word_1_125' title='bbox 474 3094 585 3157; x_wconf 82' lang='lat' dir='ltr'><strong>vitium</strong></span> <span class='ocrx_word' id='word_1_126' title='bbox 602 3094 680 3156; x_wconf 82' lang='lat' dir='ltr'><strong>vitio</strong></span> <span class='ocrx_word' id='word_1_127' title='bbox 695 3093 750 3157; x_wconf 84' lang='lat' dir='ltr'><strong>det</strong></span> <span class='ocrx_word' id='word_1_128' title='bbox 765 3114 895 3157; x_wconf 79' lang='lat' dir='ltr'><strong>causum</strong></span> <span class='ocrx_word' id='word_1_129' title='bbox 910 3091 1030 3175; x_wconf 78' lang='lat' dir='ltr'><strong>detque</strong></span> <span class='ocrx_word' id='word_1_130' title='bbox 1045 3091 1220 3174; x_wconf 75' lang='lat' dir='ltr'><strong>sequelam,</strong></span> 
     </span>
     <span class='ocr_line' id='line_1_24' title="bbox 490 3191 1170 3278; baseline -0.009 -20"><span class='ocrx_word' id='word_1_131' title='bbox 490 3194 557 3258; x_wconf 87' lang='lat' dir='ltr'><strong>Res</strong></span> <span class='ocrx_word' id='word_1_132' title='bbox 572 3194 690 3260; x_wconf 84' lang='lat' dir='ltr'><strong>etenim</strong></span> <span class='ocrx_word' id='word_1_133' title='bbox 706 3195 808 3278; x_wconf 85' lang='lat' dir='ltr'><strong>turpis</strong></span> <span class='ocrx_word' id='word_1_134' title='bbox 823 3194 891 3257; x_wconf 81' lang='lat' dir='ltr'><strong>sola</strong></span> <span class='ocrx_word' id='word_1_135' title='bbox 905 3212 1033 3257; x_wconf 85' lang='lat' dir='ltr'><strong>manere</strong></span> <span class='ocrx_word' id='word_1_136' title='bbox 1047 3191 1170 3274; x_wconf 82' lang='lat' dir='ltr'><strong>nequit.</strong></span> 
     </span>
     <span class='ocr_line' id='line_1_25' title="bbox 443 3291 1347 3376; baseline -0.006 -19"><span class='ocrx_word' id='word_1_137' title='bbox 443 3294 537 3369; x_wconf 72' lang='lat' dir='ltr'><strong>Quod</strong></span> <span class='ocrx_word' id='word_1_138' title='bbox 550 3296 748 3376; x_wconf 76' lang='lat' dir='ltr'><strong>negligentia</strong></span> <span class='ocrx_word' id='word_1_139' title='bbox 761 3312 937 3376; x_wconf 80' lang='lat' dir='ltr'><strong>parvorum</strong></span> <span class='ocrx_word' id='word_1_140' title='bbox 951 3311 1072 3373; x_wconf 69' lang='lat' dir='ltr'><strong>mugeto</strong></span> <span class='ocrx_word' id='word_1_141' title='bbox 1086 3291 1167 3353; x_wconf 78' lang='lat' dir='ltr'><strong>uilia</strong></span> <span class='ocrx_word' id='word_1_142' title='bbox 1177 3297 1321 3371; x_wconf 70' lang='lat' dir='ltr'><strong>generat</strong></span> <span class='ocrx_word' id='word_1_143' title='bbox 1339 3334 1347 3351; x_wconf 83' lang='grc'><strong>.</strong></span> 
     </span>
     <span class='ocr_line' id='line_1_26' title="bbox 404 3394 1380 3487; baseline -0.002 -30"><span class='ocrx_word' id='word_1_144' title='bbox 404 3396 439 3457; x_wconf 90' lang='lat' dir='ltr'><strong>Si</strong></span> <span class='ocrx_word' id='word_1_145' title='bbox 454 3395 616 3461; x_wconf 89' lang='lat' dir='ltr'><strong>modicum</strong></span> <span class='ocrx_word' id='word_1_146' title='bbox 633 3398 767 3480; x_wconf 86' lang='lat' dir='ltr'><strong>spernis,</strong></span> <span class='ocrx_word' id='word_1_147' title='bbox 781 3394 935 3478; x_wconf 79' lang='lat' dir='ltr'><strong>paulatim</strong></span> <span class='ocrx_word' id='word_1_148' title='bbox 951 3416 1068 3475; x_wconf 80' lang='lat' dir='ltr'><strong>magna</strong></span> <span class='ocrx_word' id='word_1_149' title='bbox 1082 3408 1271 3487; x_wconf 68' lang='lat' dir='ltr'><strong>sequentuq</strong></span> <span class='ocrx_word' id='word_1_150' title='bbox 1290 3396 1355 3457; x_wconf 78' lang='grc'><strong>890</strong></span> <span class='ocrx_word' id='word_1_151' title='bbox 1374 3428 1380 3441; x_wconf 83' lang='grc'><em>·</em></span> 
     </span>
     <span class='ocr_line' id='line_1_27' title="bbox 491 3492 1158 3579; baseline -0.006 -21"><span class='ocrx_word' id='word_1_152' title='bbox 491 3496 536 3559; x_wconf 91' lang='lat' dir='ltr'><strong>Et</strong></span> <span class='ocrx_word' id='word_1_153' title='bbox 552 3498 639 3560; x_wconf 80' lang='lat' dir='ltr'><strong>venit</strong></span> <span class='ocrx_word' id='word_1_154' title='bbox 652 3518 673 3559; x_wconf 85' lang='lat' dir='ltr'><strong>n</strong></span> <span class='ocrx_word' id='word_1_155' title='bbox 687 3498 826 3561; x_wconf 89' lang='lat' dir='ltr'><strong>minimis</strong></span> <span class='ocrx_word' id='word_1_156' title='bbox 840 3517 928 3579; x_wconf 80' lang='lat' dir='ltr'><strong>saepe</strong></span> <span class='ocrx_word' id='word_1_157' title='bbox 943 3496 1033 3559; x_wconf 81' lang='lat' dir='ltr'><strong>ruina</strong></span> <span class='ocrx_word' id='word_1_158' title='bbox 1047 3492 1158 3577; x_wconf 72' lang='lat' dir='ltr'><strong>gravis</strong></span> 
     </span>
     <span class='ocr_line' id='line_1_28' title="bbox 407 3595 1169 3663; baseline -0.001 -5"><span class='ocrx_word' id='word_1_159' title='bbox 407 3595 519 3660; x_wconf 80' lang='lat' dir='ltr'><strong>Gloria</strong></span> <span class='ocrx_word' id='word_1_160' title='bbox 533 3598 691 3661; x_wconf 88' lang='lat' dir='ltr'><strong>nobilium</strong></span> <span class='ocrx_word' id='word_1_161' title='bbox 705 3619 839 3663; x_wconf 80' lang='lat' dir='ltr'><strong>munaus</strong></span> <span class='ocrx_word' id='word_1_162' title='bbox 855 3598 895 3662; x_wconf 89' lang='lat' dir='ltr'><strong>de</strong></span> <span class='ocrx_word' id='word_1_163' title='bbox 912 3600 1000 3662; x_wconf 79' lang='lat' dir='ltr'><strong>sonte</strong></span> <span class='ocrx_word' id='word_1_164' title='bbox 1014 3599 1169 3659; x_wconf 87' lang='lat' dir='ltr'><strong>bonorum</strong></span> 
     </span>
     <span class='ocr_line' id='line_1_29' title="bbox 491 3696 1119 3780; baseline 0 -20"><span class='ocrx_word' id='word_1_165' title='bbox 491 3698 669 3761; x_wconf 82' lang='lat' dir='ltr'><strong>Proetendit</strong></span> <span class='ocrx_word' id='word_1_166' title='bbox 684 3701 811 3780; x_wconf 86' lang='lat' dir='ltr'><strong>generis</strong></span> <span class='ocrx_word' id='word_1_167' title='bbox 827 3700 995 3763; x_wconf 79' lang='lat' dir='ltr'><strong>nobilitate</strong></span> <span class='ocrx_word' id='word_1_168' title='bbox 1010 3696 1119 3761; x_wconf 87' lang='lat' dir='ltr'><strong>decue.</strong></span> 
     </span>
     <span class='ocr_line' id='line_1_30' title="bbox 410 3798 1235 3881; baseline 0.002 -23"><span class='ocrx_word' id='word_1_169' title='bbox 410 3798 494 3859; x_wconf 88' lang='lat' dir='ltr'><strong>Nam</strong></span> <span class='ocrx_word' id='word_1_170' title='bbox 509 3819 608 3880; x_wconf 90' lang='lat' dir='ltr'><strong>quum</strong></span> <span class='ocrx_word' id='word_1_171' title='bbox 624 3800 778 3864; x_wconf 87' lang='lat' dir='ltr'><strong>fermento</strong></span> <span class='ocrx_word' id='word_1_172' title='bbox 795 3800 893 3863; x_wconf 83' lang='lat' dir='ltr'><strong>virtus</strong></span> <span class='ocrx_word' id='word_1_173' title='bbox 909 3808 1060 3881; x_wconf 76' lang='lat' dir='ltr'><strong>corrupte</strong></span> <span class='ocrx_word' id='word_1_174' title='bbox 1073 3799 1235 3875; x_wconf 86' lang='lat' dir='ltr'><strong>tumescit,</strong></span> 
     </span>
     <span class='ocr_line' id='line_1_31' title="bbox 493 3898 1357 3984; baseline 0.002 -25"><span class='ocrx_word' id='word_1_175' title='bbox 493 3898 545 3961; x_wconf 90' lang='lat' dir='ltr'><strong>De</strong></span> <span class='ocrx_word' id='word_1_176' title='bbox 559 3902 674 3963; x_wconf 86' lang='lat' dir='ltr'><strong>misero</strong></span> <span class='ocrx_word' id='word_1_177' title='bbox 689 3902 776 3964; x_wconf 86' lang='lat' dir='ltr'><strong>coitu</strong></span> <span class='ocrx_word' id='word_1_178' title='bbox 791 3914 866 3965; x_wconf 83' lang='lat' dir='ltr'><strong>netu</strong></span> <span class='ocrx_word' id='word_1_179' title='bbox 880 3902 1018 3984; x_wconf 78' lang='lat' dir='ltr'><strong>superbe</strong></span> <span class='ocrx_word' id='word_1_180' title='bbox 1032 3900 1135 3963; x_wconf 76' lang='lat' dir='ltr'><strong>senil.¹</strong></span> <span class='ocrx_word' id='word_1_181' title='bbox 1293 3904 1357 3961; x_wconf 92' lang='grc'><strong>900</strong></span> 
     </span>
     <span class='ocr_line' id='line_1_32' title="bbox 411 4001 1229 4085; baseline 0.001 -23"><span class='ocrx_word' id='word_1_182' title='bbox 411 4001 492 4063; x_wconf 84' lang='lat' dir='ltr'><strong>Hrec</strong></span> <span class='ocrx_word' id='word_1_183' title='bbox 508 4002 639 4082; x_wconf 80' lang='lat' dir='ltr'><strong>peribus</strong></span> <span class='ocrx_word' id='word_1_184' title='bbox 654 4020 724 4063; x_wconf 83' lang='lat' dir='ltr'><strong>sese</strong></span> <span class='ocrx_word' id='word_1_185' title='bbox 739 4002 867 4083; x_wconf 68' lang='lat' dir='ltr'><strong>prefert</strong></span> <span class='ocrx_word' id='word_1_186' title='bbox 878 4001 1065 4085; x_wconf 80' lang='lat' dir='ltr'><strong>spernitque</strong></span> <span class='ocrx_word' id='word_1_187' title='bbox 1079 4002 1229 4076; x_wconf 86' lang='lat' dir='ltr'><strong>minores,</strong></span> 
     </span>
     <span class='ocr_line' id='line_1_33' title="bbox 496 4102 1141 4167; baseline 0.002 -3"><span class='ocrx_word' id='word_1_188' title='bbox 496 4102 611 4165; x_wconf 77' lang='lat' dir='ltr'><strong>Nescit</strong></span> <span class='ocrx_word' id='word_1_189' title='bbox 627 4110 660 4162; x_wconf 82' lang='lat' dir='ltr'><strong>er</strong></span> <span class='ocrx_word' id='word_1_190' title='bbox 674 4102 794 4164; x_wconf 78' lang='lat' dir='ltr'><strong>auctori</strong></span> <span class='ocrx_word' id='word_1_191' title='bbox 810 4104 905 4164; x_wconf 83' lang='lat' dir='ltr'><strong>stultu</strong></span> <span class='ocrx_word' id='word_1_192' title='bbox 920 4103 1051 4167; x_wconf 80' lang='lat' dir='ltr'><strong>subesse</strong></span> <span class='ocrx_word' id='word_1_193' title='bbox 1067 4124 1141 4167; x_wconf 87' lang='lat' dir='ltr'><strong>suo.-</strong></span> 
     </span>
    </p>
   </div>
   <div class='ocr_carea' id='block_1_3' title="bbox 409 4200 1200 4386">
    <p class='ocr_par' dir='ltr' id='par_1_3' title="bbox 409 4200 1200 4386">
     <span class='ocr_line' id='line_1_34' title="bbox 409 4200 1200 4286; baseline -0.004 -21"><span class='ocrx_word' id='word_1_194' title='bbox 409 4204 455 4266; x_wconf 80' lang='lat' dir='ltr'><strong>Et</strong></span> <span class='ocrx_word' id='word_1_195' title='bbox 469 4202 516 4267; x_wconf 88' lang='lat' dir='ltr'><strong>sic</strong></span> <span class='ocrx_word' id='word_1_196' title='bbox 533 4200 574 4265; x_wconf 82' lang='lat' dir='ltr'><strong>de</strong></span> <span class='ocrx_word' id='word_1_197' title='bbox 589 4202 710 4266; x_wconf 85' lang='lat' dir='ltr'><strong>meritis</strong></span> <span class='ocrx_word' id='word_1_198' title='bbox 725 4202 858 4264; x_wconf 85' lang='lat' dir='ltr'><strong>veniens</strong></span> <span class='ocrx_word' id='word_1_199' title='bbox 873 4215 928 4266; x_wconf 84' lang='lat' dir='ltr'><strong>aut</strong></span> <span class='ocrx_word' id='word_1_200' title='bbox 942 4204 1098 4286; x_wconf 85' lang='lat' dir='ltr'><strong>sanguine</strong></span> <span class='ocrx_word' id='word_1_201' title='bbox 1113 4203 1200 4277; x_wconf 69' lang='lat' dir='ltr'><strong>clero</strong></span> 
     </span>
     <span class='ocr_line' id='line_1_35' title="bbox 494 4302 1166 4386; baseline -0.004 -21"><span class='ocrx_word' id='word_1_202' title='bbox 494 4302 556 4365; x_wconf 84' lang='lat' dir='ltr'><strong>Est</strong></span> <span class='ocrx_word' id='word_1_203' title='bbox 571 4304 693 4385; x_wconf 82' lang='lat' dir='ltr'><strong>ingrata</strong></span> <span class='ocrx_word' id='word_1_204' title='bbox 708 4302 793 4379; x_wconf 91' lang='lat' dir='ltr'><strong>Deo,</strong></span> <span class='ocrx_word' id='word_1_205' title='bbox 808 4324 937 4366; x_wconf 86' lang='lat' dir='ltr'><strong>munere</strong></span> <span class='ocrx_word' id='word_1_206' title='bbox 952 4304 1045 4386; x_wconf 84' lang='lat' dir='ltr'><strong>cnjus</strong></span> <span class='ocrx_word' id='word_1_207' title='bbox 1060 4303 1166 4366; x_wconf 79' lang='lat' dir='ltr'><strong>habet.</strong></span> 
     </span>
    </p>
   </div>
   <div class='ocr_carea' id='block_1_4' title="bbox 0 0 1849 5317">
    <p class='ocr_par' dir='ltr' id='par_1_4' title="bbox 0 0 1849 5317">
     <span class='ocr_line' id='line_1_36' title="bbox 0 0 1849 5317; baseline 0 0"><span class='ocrx_word' id='word_1_208' title='bbox 0 0 1849 5317; x_wconf 95' lang='lat' dir='ltr'><strong> </strong></span> 
     </span>
    </p>
   </div>
  </div>
 </body>
</html>
