3625 5317
457 742 497 801 88
714 752 852 797 inautus
868 751 1147 796 sannssnmsusrs
1288 734 1372 814 [mu.
1389 754 1412 796 1.

461 906 549 993 quod
569 902 807 989 appellativum,
828 917 884 967 aut
905 902 1084 988 categorica
1104 900 1278 989 praemissis
1298 902 1416 967 adnec·

463 1023 589 1087 tuntur,
608 1006 774 1093 adjectivae
797 1006 928 1072 virtutis
947 1006 1055 1092 explet
1072 1004 1223 1087 officium,
1243 1028 1318 1091 quar
1340 1005 1417 1069 sub-

462 1110 671 1175 stantivorum
705 1108 895 1176 determinat
930 1108 1129 1195 qualitatem.
1173 1112 1415 1184 Verumtamen,

464 1211 546 1275 sicut
562 1210 593 1273 in
614 1208 764 1295 operibus
783 1222 910 1274 naturae
931 1209 1081 1273 subtilior
1100 1222 1149 1273 eat
1168 1208 1344 1295 speculatio
1364 1230 1417 1270 eo-

464 1334 535 1377 rum
559 1332 635 1398 quae
661 1311 783 1389 insunt,
806 1324 920 1394 utpote
942 1311 1148 1400 simplicium,
1170 1334 1268 1398 quam
1290 1332 1415 1388 eorum,

463 1436 537 1499 quae
552 1412 739 1499 compositio
754 1413 860 1476 sensui
876 1413 1005 1497 ingerit,
1021 1427 1077 1477 aut
1098 1413 1292 1485 intellectui;
1315 1412 1361 1475 sic
1380 1412 1414 1475 in

464 1514 631 1602 adjectivis
657 1515 805 1580 seeundae
830 1514 1054 1599 impositionis,
1081 1514 1107 1578 si
1134 1535 1196 1578 non
1224 1513 1417 1598 adjiciantur

462 1618 522 1699 his,
537 1618 655 1705 quibus
676 1616 865 1682 naturaliter
880 1616 1011 1680 addicta
1031 1631 1105 1680 sunt
1126 1614 1203 1702 quid
1224 1614 1414 1699 significent,

464 1718 623 1783 difficilius
638 1736 685 1782 est
700 1716 893 1801 intelligere:
912 1714 1098 1779 solidiorem
1110 1716 1194 1778 enim
1210 1727 1326 1778 natura
1341 1714 1416 1778 sub-

463 1821 598 1899 stantiae,
619 1842 714 1905 quam
739 1820 930 1890 verborum3
962 1830 994 1880 et
1016 1816 1192 1911 accidentia
1213 1816 1293 1903 ejus,
1315 1838 1413 1901 quam

463 1945 674 2007 eorumquae
691 1922 794 1985 sensui
816 1934 872 1984 aut
897 1920 1073 1984 intellectui
1097 1919 1283 1984 familiarius
1304 1942 1415 1985 occur-

464 2036 550 2087 runt.
607 2022 700 2085 Adeo
722 2021 866 2106 quidem,
889 2035 925 2085 ut
952 2022 1009 2106 qui
1032 2022 1179 2086 secundae
1204 2022 1414 2107 impositionis

464 2125 632 2212 adjectiva,
648 2122 758 2208 primae
780 2121 989 2187 institutionis
1011 2123 1219 2189 substantivis
1240 2124 1413 2210 applicant,

463 2239 520 2290 aut
536 2224 612 2289 nihil
628 2225 758 2287 omnino
772 2224 890 2301 dicant,
906 2237 963 2289 aut
978 2224 1147 2311 nugiloqui
1165 2225 1239 2289 sint.
1282 2224 1313 2289 si
1329 2226 1413 2290 enim

464 2350 566 2411 equam
576 2327 702 2391 dicatur
711 2329 965 2410 patronymicus,
975 2343 1031 2391 aut
1044 2331 1237 2410 hypothetici
1245 2331 1415 2407 seculares,

460 2430 615 2516 junctura
630 2428 844 2516 incompetens
862 2441 920 2509 est,
935 2428 1151 2515 prepediente
1167 2428 1297 2514 quidem
1320 2430 1414 2492 ratio-

466 2552 537 2595 nem
560 2529 758 2615 intelligendi
780 2529 948 2615 principali
971 2530 1198 2615 significatione
1222 2532 1414 2605 verborum

464 2654 525 2696 non
542 2632 650 2719 aliqua
667 2630 907 2698 discohaerentia
921 2631 1142 2699 accidentium.
1169 2637 1253 2699 Nam
1269 2632 1358 2719 quod
1373 2633 1415 2698 ad

462 2757 574 2821 mnus,
590 2756 770 2815 numerum,
785 2745 817 2797 et
832 2756 940 2799 casum
964 2733 1096 2807 attinet;
1120 2736 1320 2800 substantivo
1339 2736 1416 2800 satis

461 2836 598 2901 cohaeret
614 2836 818 2923 adjectivum.
865 2836 927 2900 Sed
944 2834 1129 2922 principalia
1146 2834 1323 2922 significata
1341 2859 1415 2901 cou-

455 2938 603 3025 jungere,
626 2960 689 3002 nun
716 2937 812 3004 modo
836 2935 976 3013 mentiri,
1003 2936 1182 3003 sedetiam
1208 2938 1325 3024 nugari
1353 2952 1411 3003 est.

465 3040 552 3104 Reus
578 3038 776 3124 Acyrologioe
800 3037 953 3123 Virgilius
982 3035 1180 3114 criminatur,
1207 3037 1315 3103 dicens
1342 3061 1414 3124 gra-

461 3138 567 3203 mineo
589 3140 621 3201 in
645 3160 768 3221 campo,
784 3158 821 3201 eo
844 3137 932 3222 quod
953 3137 1135 3223 graminoso
1157 3138 1189 3206 in
1212 3162 1326 3226 campo
1349 3139 1413 3206 dici

460 3238 622 3327 oportuit:
647 3248 679 3301 et
702 3237 796 3324 plane
818 3236 919 3321 magis
941 3260 1014 3303 reue
1034 3252 1125 3315 esset,
1144 3254 1177 3306 et
1199 3235 1414 3327 proculdubio

460 3346 555 3428 longe
573 3340 736 3428 nugacior,
759 3339 783 3403 si
808 3337 940 3404 dixisset
962 3346 1000 3405 in
1022 3364 1134 3426 campo
1152 3348 1339 3426 categorico,
1362 3342 1415 3409 vel

457 3429 688 3527 patronymico.
727 3439 880 3507 Dissolvit
896 3453 1003 3505 autem
1019 3441 1203 3508 instantiam
1219 3466 1339 3521 eorum,
1356 3448 1416 3529 qui

460 3568 499 3609 ex
522 3545 595 3610 solia
616 3545 764 3609 nituntur
783 3542 1012 3621 accidentibus,
1027 3545 1060 3608 in
1081 3545 1288 3611 similitudine
1307 3550 1412 3613 cohae·

459 3644 604 3711 rentibus
622 3644 692 3725 sibi,
707 3647 842 3729 probare
857 3643 944 3729 quod
962 3667 1024 3708 non
1040 3648 1142 3709 omnis
1157 3669 1341 3728 consonans,
1357 3671 1412 3711 vo·

459 3746 517 3811 cali
549 3746 730 3833 subjuncta,
762 3744 926 3829 Syllabam
955 3746 1041 3811 lacit.
1089 3746 1253 3832 Siquidem
1283 3750 1298 3810 l
1326 3762 1358 3813 et
1382 3753 1413 3815 V

458 3861 664 3913 consonantes
680 3847 873 3934 subjuncta,
890 3868 951 3911 non
971 3848 1073 3932 magis
1092 3848 1264 3933 proficiunt
1279 3850 1320 3914 ad
1341 3849 1413 3936 syl.

458 3950 574 4026 labam,
595 3972 692 4036 quam
713 3946 870 4036 adjectiva
893 3946 1041 4012 secundae
1061 3948 1283 4035 impositionis,
1298 3950 1412 4038 primis

456 4050 663 4115 substantivis
675 4049 832 4135 apposita,
841 4046 882 4113 ad
894 4061 1013 4112 rectam
1026 4060 1058 4112 et
1068 4048 1282 4134 aequimodam
1291 4050 1409 4137 loquu-

455 4154 584 4219 tionem.
630 4152 763 4216 Constat
783 4150 932 4235 equidem
953 4149 1020 4212 duo
1040 4173 1106 4213 esse
1127 4164 1257 4236 peccata
1278 4153 1410 4238 loquen·

456 4257 556 4328 tium;
589 4254 724 4321 alterum
750 4251 951 4321 mentientis;
983 4249 1118 4314 alterum
1147 4253 1409 4335 transgredientis

454 4342 588 4445 pbsitam
601 4355 837 4443 loquutioncm:
855 4350 942 4438 quod
957 4350 996 4414 ad
1011 4351 1115 4415 minus
1126 4353 1178 4417 isti
1191 4354 1408 4419 committunt.
