3625 5317
458 738 501 799 40
715 750 854 796 ioannis
869 747 1163 795 sanasasniansrs’
1286 734 1371 813 [ans.
1391 754 1413 798 1.

452 904 543 969 terim
567 900 672 975 credo,
693 902 781 987 quod
804 901 881 965 nihil
905 899 1073 986 significat.
1119 900 1214 979 Quod
1237 902 1321 966 enim
1345 926 1407 968 non

453 1004 613 1070 invenitur
630 1026 775 1090 usquam,
791 1026 857 1067 esse
877 1014 961 1089 puto
981 1026 1150 1089 nusquam.
1196 1002 1316 1068 Similis
1330 1028 1411 1091 quo-

453 1130 517 1193 que
532 1105 644 1171 abusio
666 1119 725 1184 cst,
747 1106 772 1169 si
796 1108 870 1192 quis
890 1105 989 1186 dicat,
1003 1127 1106 1188 aquas
1120 1108 1241 1171 desinit
1254 1109 1292 1170 in
1308 1110 1355 1171 S.-
1376 1120 1409 1171 et

454 1208 577 1275 similia.
636 1210 732 1272 ltem:
774 1211 855 1274 Cato
893 1208 1007 1271 sedens
1041 1212 1128 1273 inter
1154 1212 1351 1289 janiculam,
1381 1218 1414 1273 et

455 1311 625 1374 Kalendas
634 1310 790 1390 Martias,
801 1316 901 1373 uestes
912 1312 1029 1392 populi
1039 1312 1182 1374 Romani
1191 1313 1410 1392 quaternaria,

455 1419 517 1477 aut
537 1414 668 1475 senione
689 1414 834 1491 resarcit,
851 1423 908 1473 aut
931 1431 1033 1474 sermo
1056 1432 1118 1473 non
1141 1424 1201 1491 cst,
1215 1424 1272 1475 aut
1294 1412 1411 1495 quovis

458 1536 599 1578 sermone
630 1514 799 1599 nugatorio
832 1513 1023 1598 corruptior.
1078 1513 1278 1598 Hujusmodi
1307 1535 1410 1577 sermo

457 1614 599 1701 quidem,
618 1617 822 1697 stichiologus
843 1613 973 1689 dicitur,
988 1613 1023 1677 id
1043 1627 1104 1688 est,
1119 1636 1220 1678 sermo
1239 1618 1408 1679 inversas:

457 1716 597 1801 eoquod
613 1717 765 1781 adversus
782 1714 933 1802 loquendi
953 1713 1039 1799 leges
1052 1727 1169 1779 coeunt
1188 1715 1294 1779 verba.
1324 1718 1408 1779 Nam

458 1817 560 1903 στίχος
574 1840 700 1883 iterans:
724 1818 807 1882 unde
823 1819 1006 1890 distichum,
1021 1815 1159 1879 duorum
1176 1838 1325 1879 versuum
1342 1835 1409 1879 aar·

459 1943 541 1984 meu.
588 1922 696 1998 Quum
717 1941 812 2005 super
832 1919 892 1981 boc
914 1916 1051 1982 articulo
1065 1917 1184 1981 multos
1203 1918 1411 1997 conterentes,

459 2035 492 2084 ct
521 2022 610 2083 varia
639 2020 806 2083 sentientes
839 2018 1005 2099 audierim,
1034 2042 1095 2083 non
1128 2019 1249 2105 pigebit
1280 2020 1410 2097 referre,

460 2143 516 2184 uec
531 2120 613 2183 sorte
630 2118 740 2182 audire
751 2118 945 2205 displicebit,
957 2120 1044 2205 quod
1060 2144 1079 2183 a
1094 2122 1209 2186 Groeco
1222 2122 1409 2207 interprete,

460 2220 569 2307 etqui
593 2222 738 2285 Latinam
762 2222 904 2307 linguam
928 2223 1091 2286 commode
1113 2237 1255 2303 noverat,
1276 2224 1353 2292 dum
1376 2224 1408 2287 in

461 2320 579 2407 Apulia
609 2343 760 2397 morarer,
790 2322 916 2407 accepi:
948 2344 1020 2385 uam
1046 2336 1078 2387 et
1107 2323 1167 2409 ipsi
1195 2322 1267 2388 volo
1291 2324 1410 2389 referre

462 2424 611 2508 gratiam,
626 2426 686 2487 etsi
700 2444 765 2486 nan
789 2426 942 2487 utilitatis
957 2422 1047 2507 (quae
1062 2426 1214 2488 tamenin
1235 2424 1285 2488 his
1303 2425 1412 2510 aliqua

462 2528 525 2609 cst)
549 2524 658 2588 saltem
681 2524 781 2607 ,bonae
808 2525 993 2601 voluntatis,
1017 2548 1083 2609 qua
1111 2526 1312 2590 auditoribus
1337 2549 1412 2614 pro-

460 2626 549 2690 desse
576 2625 734 2711 cupiebat.
780 2624 908 2688 Primus
933 2648 1010 2709 ergo
1040 2625 1138 2712 hujus
1163 2628 1328 2691 sententioe
1353 2641 1411 2693 aut

461 2725 618 2814 opinionis
633 2726 788 2790 articulus
807 2738 868 2801 est,
884 2748 979 2811 quem
996 2726 1153 2811 praemisi:
1177 2728 1266 2813 quod
1281 2727 1412 2815 adjecti-

461 2850 574 2892 vorum
592 2826 739 2893 secundae
759 2825 979 2913 impositionis,
999 2839 1032 2891 ct
1051 2826 1322 2892 substantivorum
1346 2830 1413 2914 pri·

462 2956 522 2998 mie
537 2930 729 3020 conjunctio,
742 2932 836 2997 etiam
851 2928 1023 2995 secundum
1036 2931 1252 3015 grammaticae
1263 2933 1412 3009 rationes,

460 3038 690 3121 inconsequens
711 3046 769 3098 est.
816 3031 925 3095 Habet
946 3043 1055 3094 autem
1070 3033 1176 3096 nescio
1190 3033 1269 3117 quid
1284 3033 1413 3099 latentis

460 3136 594 3219 dauriae,
620 3136 653 3199 id
680 3149 740 3207 est,
766 3138 1045 3221 inconsonantiae:
1068 3134 1118 3197 vel
1147 3139 1197 3214 tut
1222 3135 1412 3212 Quintiliani

462 3237 560 3300 verbo
581 3240 665 3316 utar)
689 3233 879 3317 cacozugiae,
901 3233 936 3297 id
962 3248 1020 3316 cst,
1042 3240 1141 3300 malae
1165 3240 1412 3318 conjunctionis,

463 3338 531 3401 haec
545 3334 715 3422 appositio,
731 3355 827 3417 quarn
850 3335 909 3399 etsi
930 3358 1126 3421 nequeamus
1147 3352 1211 3402 tarn
1233 3336 1325 3403 facile
1340 3354 1412 3425 pert

462 3436 580 3526 spicuis
595 3436 774 3500 rationibus
789 3436 1010 3514 condemnare,
1027 3461 1083 3524 per
1098 3462 1131 3503 se
1147 3451 1251 3504 tamen
1266 3440 1413 3527 displicet

462 3539 680 3605 Grammatico
705 3537 856 3602 audituri.
910 3539 1005 3605 Talia
1034 3541 1163 3625 quidem
1193 3543 1410 3623 multa0sunt,

462 3664 537 3726 quae
552 3639 658 3704 statim
674 3637 853 3717 offendunt,
866 3638 940 3704 licet
955 3663 1064 3703 corum
1081 3640 1272 3728 improbatio
1287 3642 1414 3728 longius

462 3742 556 3807 absit.
602 3740 695 3819 Quod
716 3740 799 3805 forte
819 3740 850 3803 in
873 3740 923 3805 his
939 3743 1057 3817 evenit,
1073 3766 1211 3828 quorum
1227 3748 1341 3822 virtus,
1355 3758 1413 3810 aut

463 3837 585 3908 vitium
606 3841 809 3930 perspicuum
846 3855 903 3907 est.
964 3844 1013 3907 Ut
1047 3844 1186 3908 miiitum
1225 3859 1334 3931 parcat
1363 3847 1415 3911 hic

465 3946 691 4025 Grammatico,
706 3942 897 4033 ἀκυςολόγιαν
912 3945 1134 4032 deprehendit.
1174 3948 1236 4013 llla
1250 3947 1333 4012 enim
1350 3972 1412 4013 non

461 4048 557 4113 modo
582 4047 792 4112 accidentium
820 4048 1038 4113 dissidentiam
1062 4048 1093 4112 in
1121 4050 1295 4115 dictionum
1317 4052 1411 4137 junc-

462 4167 533 4219 tura
562 4160 730 4213 causatur:
770 4147 823 4211 scd
862 4146 956 4211 etiam
995 4149 1190 4214 secundariae
1225 4151 1414 4217 inventionis

459 4251 679 4340 adjectionem,
701 4250 731 4311 iu
755 4249 963 4313 substantivis
984 4248 1106 4333 primae,
1122 4252 1211 4318 ducit
1232 4253 1416 4319 absurdam.

460 4358 503 4420 Et
529 4354 658 4442 quidem
686 4374 723 4415 cn
750 4350 870 4414 ratione
897 4352 1039 4415 absrnda
1062 4361 1120 4433 est,
1145 4355 1230 4439 qnod
1258 4356 1298 4418 ad
1318 4357 1413 4441 junc-
