3625 5317
433 778 493 841 142
667 794 802 839 scurrus
818 792 1099 839 sanusnaaruuars
1238 774 1322 854 [ara.
1339 794 1390 839 us.

432 943 691 1031 aequivocationis
714 943 901 1029 impostura,
926 942 981 1007 sed
1007 943 1151 1008 omniurn
1172 965 1248 1031 quoe
1267 942 1391 1011 incerta

429 1060 503 1113 aunt
516 1045 667 1130 fugienda
679 1045 876 1111 obscuritas:
900 1044 1049 1130 quoniam
1059 1045 1192 1111 evidens
1202 1070 1271 1113 esse
1279 1046 1389 1123 debet,

432 1170 505 1234 quae
527 1146 674 1213 redditur
696 1161 733 1213 ut
756 1146 844 1211 aliud
868 1149 1054 1213 innotescat.
1101 1149 1191 1233 Ergo
1204 1162 1237 1215 et
1257 1148 1391 1214 transla-

429 1253 533 1315 tiones
541 1248 788 1325 deelinandoe,et
796 1270 1007 1336 quacumque
1017 1249 1145 1335 proprie
1153 1273 1216 1314 non
1224 1252 1387 1317 dicuutur.

432 1352 481 1417 Ut
497 1351 561 1429 lex,
581 1370 744 1431 mmaura,
765 1355 815 1415 ool
834 1353 941 1433 imago
962 1370 1071 1415 eorum
1090 1371 1168 1433 φη
1188 1354 1389 1417 naturaliter

420 1457 520 1535 jueta
533 1463 622 1519 aunt.
667 1453 750 1518 Sunt
762 1463 883 1524 autem,
899 1463 937 1515 ut
952 1449 997 1515 ait
1007 1450 1210 1526 Aristoteles,
1225 1452 1389 1538 hujusmo-

430 1553 476 1630 di,
492 1555 601 1641 pejora
616 1552 842 1618 translatione:
866 1574 939 1617 nam
955 1551 1120 1616 translatio
1140 1551 1217 1617 facit
1232 1552 1388 1639 quodam·

429 1655 527 1720 modo
541 1668 664 1729 notum,
679 1651 767 1739 quod
779 1652 992 1738 significatum
1008 1667 1057 1717 eat
1065 1675 1123 1739 per
1134 1653 1385 1720 similitudinem.

380 1788 383 1795 ·
430 1760 552 1823 Omnes
573 1758 657 1820 euim
681 1752 920 1833 transferentes,
942 1755 1114 1821 secuudum
1137 1757 1277 1842 aliqum
1300 1756 1386 1821 simi·

430 1858 599 1924 litudinem
615 1855 823 1922 transierunt.
868 1856 962 1935 Quod
982 1869 1092 1922 autem
1114 1858 1301 1945 hujusmodi
1322 1870 1385 1937 est,

429 1959 708 2025 nonfacitnotum:
725 1978 797 2021 nam
804 1979 906 2043 neque
917 1957 1094 2024 similitudo
1104 1963 1197 2037 inest,
1208 1959 1385 2027 secundum

431 2082 528 2145 quam
550 2080 696 2124 mensura
720 2058 769 2121 vel
793 2059 900 2142 imago
922 2058 973 2125 lex
996 2073 1055 2140 eat,
1076 2084 1181 2148 neque
1203 2062 1266 2127 dici
1292 2062 1383 2130 solet.

429 2164 538 2240 Quare
553 2162 579 2227 si
594 2160 723 2247 proprie
746 2182 925 2225 mensuram
942 2160 993 2225 vel
1008 2164 1179 2249 imaginem
1199 2167 1301 2249 legem
1317 2186 1385 2231 ease

428 2264 520 2340 dicit,
535 2264 699 2328 mentitur.
745 2264 859 2348 Imago
869 2265 954 2327 enim
965 2277 1025 2341 est,
1040 2265 1135 2350 cujus
1149 2266 1312 2351 generatio
1326 2290 1385 2353 per

428 2364 637 2431 imitationem
653 2380 711 2429 est.
744 2365 816 2428 Hoc
831 2377 938 2429 autem
954 2388 1017 2431 non
1031 2366 1114 2431 inest
1130 2366 1203 2453 legi.
1226 2368 1260 2433 Si
1274 2382 1383 2435 autem

430 2489 493 2531 non
515 2468 655 2554 proprie,
676 2465 793 2552 palam,
815 2469 967 2551 quoniam
982 2468 1117 2533 obscure
1131 2467 1228 2546 dixit,
1243 2482 1276 2535 et
1290 2471 1384 2556 pejus

427 2569 572 2657 quolibet
583 2567 964 2655 eorum,quaeseeundum
973 2570 1211 2636 translationem
1220 2571 1383 2639 dicuntur.

431 2658 641 2737 Notaautana
656 2670 701 2737 sic
719 2670 902 2758 accipienda
924 2683 1009 2747 snut,
1023 2672 1110 2758 quod
1127 2673 1206 2738 bene
1224 2674 1383 2760 dispositis

428 2774 592 2840 intellectu
608 2774 816 2839 innotescant.
839 2772 935 2852 Quod
945 2787 1054 2839 autem
1070 2796 1129 2839 neo
1139 2797 1180 2839 ex
1196 2774 1383 2862 simpliciter

429 2877 619 2952 notioribus,
635 2898 693 2942 nec
708 2898 748 2942 ex
764 2876 824 2954 his,
839 2899 913 2963 quae
924 2875 1016 2942 nobie
1030 2877 1155 2942 notiora
1168 2878 1310 2964 positum
1321 2891 1381 2955 eat,

428 3000 492 3045 non
514 2979 591 3045 lacit
613 2977 654 3043 ad
676 2978 903 3044 definitionem.
948 2980 1154 3062 AEqnicolom
1175 3002 1317 3066 quoque,
1347 2978 1381 3044 id

425 3093 476 3146 eat
491 3081 760 3167 aequimembrem,
774 3080 906 3144 definito
920 3094 1048 3165 oportet
1062 3080 1131 3145 fieri
1153 3080 1381 3157 definitionem,

430 3196 465 3249 ut
481 3185 509 3246 si
523 3194 688 3266 quaeratur
702 3180 782 3266 quid
799 3180 838 3245 sit
855 3181 1052 3267 speculativa
1061 3183 1205 3258 minutia,
1220 3196 1380 3256 nentrum,

428 3304 487 3345 nec
509 3279 705 3365 speculativa
727 3280 858 3358 scilicet,
881 3304 939 3345 nec
960 3282 1102 3357 scientia,
1125 3282 1263 3368 relinqui
1284 3283 1380 3349 debet

427 3383 628 3467 ambiguum.
657 3380 1382 3468 Inipsisquoquesubstantialibusdelinitiris

428 3482 508 3549 nihil
516 3481 696 3570 ponendum
704 3481 858 3567 esr,quod
866 3482 1023 3566 vergatad
1032 3484 1220 3568 passionem.
1241 3486 1382 3551 Auctore

428 3583 585 3671 siquidem
602 3583 782 3659 Aristotele,
798 3586 901 3648 omnis
916 3583 1020 3667 passio
1041 3582 1144 3668 magis
1157 3582 1255 3662 faeta,
1270 3583 1380 3670 abjicit

427 3710 447 3750 a
461 3684 648 3751 substantia.
672 3683 978 3749 Differentiaautem
990 3706 1051 3747 non
1065 3684 1263 3771 hujusmodi.
1295 3688 1379 3751 Nam

426 3786 530 3871 magis
551 3784 672 3849 salvare
695 3784 822 3849 ridetur
843 3784 888 3862 id,
910 3784 1004 3870 cujus
1028 3798 1077 3849 est
1098 3783 1289 3850 differentia.
1309 3840 1313 3846 .
1334 3788 1379 3851 Et

426 3886 611 3973 simpliciter
626 3884 821 3972 impossibile
836 3900 882 3951 est
896 3906 965 3949 esee
978 3885 1153 3973 singulum,
1168 3886 1236 3950 sine
1250 3887 1380 3973 propria

426 3987 613 4054 differentia.
661 3988 741 4051 Nam
760 4010 859 4073 quum
877 4009 938 4051 nou
961 4002 1009 4053 eat
1031 3988 1208 4074 gressibile,
1231 4011 1294 4054 uon
1316 3990 1378 4055 erit

425 4091 531 4156 lromo.
576 4088 767 4174 Simpliciter
789 4103 895 4155 autem
912 4089 1095 4167 dicendum,
1110 4094 1378 4173 secundumque

422 4194 580 4259 alteratur
590 4192 722 4270 liubana,
731 4191 811 4255 nihil
824 4191 938 4255 horum
952 4191 1134 4257 differentia
1144 4193 1240 4257 illius.
1263 4192 1380 4256 Omnia

424 4295 507 4358 enim
523 4290 718 4378 hujusmodi,
734 4312 835 4376 quum
853 4290 952 4376 magis
967 4292 1062 4369 fiunt,
1083 4292 1240 4379 abjiciunt
1262 4314 1281 4355 a
1304 4291 1379 4356 sub·

424 4393 550 4459 stantia.
595 4390 706 4467 Quare
728 4391 754 4455 si
786 4392 926 4477 aliquam
957 4391 1141 4478 hujusmodi
1164 4391 1377 4458 differentiam
