3625 5317
451 748 494 807 58
709 760 845 805 mmsis
859 759 1139 809 mnmnanmuma
1286 753 1367 827 [ma.
1384 768 1408 812 1.

453 910 575 974 colores
588 908 772 985 rhetoricos,
794 909 1012 976 cavillationes
1033 912 1282 1000 sophismatum,
1296 929 1330 981 et
1344 939 1413 1002 qua

452 1024 544 1097 parte
573 1010 621 1073 sui
643 1012 817 1098 propositae
847 1010 991 1077 lectionis
1024 1014 1181 1079 articulus
1218 1016 1410 1101 respiciebat

453 1111 494 1173 ad
510 1110 588 1175 alias
602 1112 797 1198 disciplinas,
813 1113 1011 1198 proponebat
1026 1115 1059 1177 in
1075 1115 1198 1179 medio:
1229 1116 1276 1181 ita
1292 1123 1411 1194 umen,

455 1225 492 1278 ut
507 1234 568 1277 non
585 1216 615 1277 in
627 1213 762 1298 singulis
775 1219 922 1279 universa
930 1215 1071 1293 doceret,
1087 1218 1142 1280 sed
1157 1239 1219 1304 pro
1233 1223 1413 1305 capacitate

453 1315 665 1394 audientium,
678 1314 875 1401 dispensaret
885 1316 932 1380 eis
945 1320 978 1380 in
993 1330 1136 1403 tempore
1150 1318 1305 1383 doctrina
1319 1342 1410 1385 men·

455 1440 572 1483 suram.
618 1416 661 1482 Et
676 1418 752 1502 quia
772 1417 923 1503 splendor
942 1420 1094 1484 orationis
1107 1432 1165 1484 aut
1179 1444 1201 1485 n
1212 1424 1414 1504 proprietate

454 1531 513 1599 est,
527 1518 560 1584 id
576 1532 635 1600 est,
650 1542 751 1606 quum
767 1518 961 1603 adjectivum
977 1533 1034 1585 aut
1049 1521 1196 1601 verbum,
1207 1522 1410 1586 substantivo

455 1621 617 1706 eleganter
637 1620 835 1707 adjungitur,
850 1634 909 1685 aut
922 1646 944 1685 o
966 1625 1195 1698 translatione,
1216 1623 1331 1700 idest,
1354 1624 1412 1689 ubi

455 1744 556 1788 sermo
571 1746 610 1788 ex
626 1744 723 1789 caum
736 1722 904 1809 probabili,
919 1722 960 1786 ad
983 1723 1117 1787 alienam
1140 1722 1324 1788 traducitur
1346 1748 1410 1809 arg-

455 1824 676 1905 nilicationem,
692 1825 772 1901 lroec,
788 1835 917 1909 sumpta
931 1824 1104 1895 occasione.
1122 1824 1304 1890 inculcabat
1319 1849 1411 1889 men·

455 1925 543 1990 tibus
557 1923 753 1989 auditorum.
798 1925 843 1986 Et
855 1922 1005 2008 quoniam
1022 1922 1173 1987 memoria
1187 1925 1341 1989 exercitio
1352 1927 1411 1989 ar·

455 2038 574 2103 matur,
593 2026 821 2108 ingeniumque
843 2024 971 2087 acuitur
993 2024 1033 2088 ad
1050 2024 1242 2089 imitandum
1263 2047 1312 2102 ea,
1335 2046 1411 2111 quoe

455 2124 642 2202 audiebant,
652 2123 730 2189 alios
741 2122 1023 2202 admonitionibus,
1033 2124 1291 2211 aliosdagelliaet
1307 2132 1413 2214 poenis

458 2225 602 2311 urgebat.
647 2226 854 2311 Cogebantur
870 2228 1034 2291 exsolvere
1050 2226 1169 2308 singuli
1191 2225 1244 2290 die
1264 2228 1413 2313 sequenti

457 2326 580 2412 aliquid
595 2350 716 2405 eorum,
732 2350 807 2413 quae
826 2328 1020 2414 precedenti
1039 2328 1224 2403 arrdierant;
1247 2329 1302 2393 alii
1325 2327 1413 2417 plus,

456 2428 510 2493 alii
525 2428 644 2493 minus:
668 2442 733 2493 erat
746 2429 934 2524 enimtnpud
949 2453 1002 2493 eos
1012 2430 1224 2516 precedentis
1234 2430 1413 2517 discipulus

457 2550 593 2617 sequens
603 2530 682 2595 dies.
727 2531 951 2617 vespertinum
964 2532 1260 2618 exercitium,quod
1272 2530 1411 2597 declina-

457 2633 503 2699 tio
517 2630 695 2709 dicebatur,
710 2644 799 2698 tanta
813 2632 999 2718 copiositate
1013 2633 1230 2719 grammatice
1252 2634 1407 2698 refertum

457 2747 535 2815 erat,
552 2750 588 2801 ut
604 2736 703 2822 siquis
717 2737 748 2801 in
770 2758 807 2799 eo
822 2758 1014 2822 perannum
1035 2736 1198 2821 integrum
1215 2747 1409 2813 versaretur,

457 2838 609 2903 rationem
626 2838 778 2925 loquendi
792 2850 824 2902 et
839 2837 1008 2920 scribendi,
1023 2838 1048 2903 si
1064 2860 1127 2901 non
1149 2849 1230 2902 esset
1253 2837 1410 2913 hebetior,

457 2941 588 3007 haberet
604 2944 644 3009 ad
660 2964 800 3023 manum,
814 2955 847 3005 et
862 2942 1121 3027 significationem
1139 2961 1335 3016 sermonum,
1352 2938 1410 3025 qui

456 3047 489 3109 in
505 3046 663 3111 communi
681 3069 741 3110 usu
757 3064 934 3120 versantur,
946 3045 1094 3129 ignorare
1108 3065 1171 3105 non
1183 3056 1300 3128 posset.
1347 3041 1411 3105 Sed

457 3148 533 3229 quia
548 3170 604 3209 nec
620 3145 769 3221 scholam,
787 3166 845 3206 nec
866 3144 950 3205 diem
972 3144 1113 3228 aliquem
1137 3141 1236 3205 decet·
1250 3165 1318 3205 esse
1340 3143 1412 3206 reli-

456 3244 559 3330 gionis
573 3258 749 3329 expertem,
765 3264 803 3305 ea
817 3242 1056 3326 proponebatur
1069 3240 1212 3314 materia,
1224 3262 1300 3323 quae
1314 3242 1411 3307 fidem

457 3345 639 3423 edificaret,
661 3358 693 3409 et
716 3366 828 3419 mores,
844 3354 876 3406 et
898 3340 982 3404 unde
1001 3342 1060 3427 qui
1077 3354 1300 3417 convenerant,
1318 3344 1412 3429 quasi

456 3448 623 3514 collatione
638 3446 788 3533 quadam,
803 3441 1018 3509 animarentur
1033 3442 1072 3505 ad
1094 3441 1223 3506 bonum.
1268 3445 1412 3509 Novissi-

458 3573 529 3615 mus
549 3563 656 3615 autem
679 3548 777 3634 hujus
798 3543 1026 3620 declinationis,
1056 3546 1156 3609 immo
1179 3544 1409 3632 philosophicae

457 3652 645 3728 collationis,
662 3650 824 3728 articulus,
841 3648 969 3737 pietatis
984 3650 1120 3735 vestigia
1137 3648 1347 3733 praelerebat:
1371 3661 1404 3713 et

458 3758 577 3819 animas
596 3755 820 3820 defunctorum
842 3754 1095 3831 commendabat,
1118 3751 1235 3816 devota
1249 3748 1408 3814 oblatione

458 3853 582 3943 psalmi,
598 3856 654 3941 qui
677 3856 709 3919 in
731 3852 1015 3942 poenitentialibus,
1036 3865 1148 3916 sextus
1162 3862 1223 3925 est,
1238 3864 1270 3915 et
1291 3850 1324 3913 in
1338 3871 1410 3913 ora-

459 3957 544 4022 tione
554 3959 732 4035 Dominica,
746 3958 952 4042 Redemptori
964 3978 1033 4019 suo.
1070 3952 1201 4027 Quibus
1209 3965 1316 4015 autern
1329 3951 1410 4015 indi-

458 4061 611 4127 cebantur
634 4058 928 4146 praeexercitamina
949 4078 1131 4142 puerorum,
1162 4053 1195 4117 in
1218 4052 1329 4138 prosis,
1350 4070 1408 4117 aut

458 4162 658 4253 poematibus
669 4152 841 4236 imitandis,
852 4171 973 4243 poetas,
982 4170 1038 4220 aut
1048 4169 1188 4221 oratores
1197 4156 1409 4239 proponebat,

458 4277 490 4330 et
505 4286 613 4329 eorum
626 4262 763 4351 jubebat
778 4259 912 4344 vestigia
922 4256 1051 4332 imitari,
1062 4256 1230 4319 ostendens
1237 4255 1407 4341 juncturas

459 4366 645 4443 dictionum,
662 4376 694 4430 ct
708 4362 868 4449 elegantes
883 4380 1062 4425 sermonum
1078 4356 1244 4423 clausulas.
1285 4357 1318 4421 Si
1334 4356 1409 4442 quia
