3625 5317
398 771 488 816 sacr.
505 755 579 833 vn]
688 772 729 815 nr
747 770 877 817 sarran
894 772 1064 819 ssrraurc.
1285 760 1348 817 287

396 936 503 987 autem
527 935 648 1009 postea,
663 946 763 1009 quum
788 923 909 988 venerit
932 923 1020 1009 quod
1042 926 1218 1009 perfectum
1240 938 1299 1001 est,
1314 937 1346 989 et

396 1023 527 1108 coeperit
550 1023 656 1089 videre
679 1023 784 1106 homo,
805 1047 868 1089 non
890 1046 948 1110 per
974 1024 1137 1112 speculum
1161 1026 1343 1111 imaginem,

395 1125 449 1189 sed
464 1126 545 1190 facie
560 1126 727 1191 adfaciem
745 1128 921 1193 veritatem.
968 1132 1000 1193 N
1003 1150 1065 1192 unc
1086 1142 1192 1193 autem
1215 1128 1344 1193 interim

397 1240 500 1293 totum
517 1230 622 1314 imago
635 1242 701 1294 est:
734 1254 807 1317 quae
822 1229 916 1315 longe
931 1253 951 1293 a
965 1230 1098 1295 veritate
1112 1244 1173 1309 est,
1186 1243 1218 1294 et
1238 1242 1346 1293 tamen

395 1328 472 1393 facit
487 1330 574 1415 quod
597 1344 715 1415 potest,
731 1331 871 1395 animum
888 1330 1006 1396 scilicet
1022 1330 1188 1407 convertit,
1203 1330 1257 1394 scd
1281 1352 1344 1394 non

393 1431 549 1515 perducit.
596 1433 724 1498 Dicitur
746 1456 885 1520 namque
906 1432 996 1518 quod
1024 1434 1116 1497 Deus
1137 1433 1221 1518 ignis
1243 1444 1345 1496 estet

394 1534 561 1599 manifesta
575 1535 680 1621 ligura
694 1549 753 1613 est,
769 1554 801 1600 ct
817 1550 922 1601 tamen
947 1538 1037 1599 Deus
1055 1535 1097 1599 sd
1118 1534 1343 1621 proprietatem

393 1633 475 1718 ignis
490 1656 551 1699 non
568 1650 631 1701 est:
654 1639 803 1722 quoniam
818 1636 904 1721 ignis
918 1658 1034 1721 corpus
1047 1647 1107 1711 est,
1124 1638 1216 1699 Deus
1229 1656 1346 1720 corpus

394 1761 455 1803 non
486 1752 543 1805 est.
589 1741 651 1805 Est
680 1754 787 1805 autem
817 1739 880 1803 alia
909 1751 1025 1804 natura
1052 1739 1239 1824 incorporea
1270 1760 1345 1823 quae

392 1840 492 1925 magis
517 1843 587 1904 Deo
609 1841 712 1904 vicina
735 1841 870 1905 dicitur:
902 1839 1031 1920 scilicet,
1046 1862 1142 1924 quarn
1167 1837 1208 1903 ad
1236 1838 1341 1902 Deum

392 1942 483 2007 nobis
513 1943 658 2007 sublimis
687 1943 862 2008 similitudo
891 1943 1059 2021 formatur,
1085 1965 1186 2029 quum
1213 1941 1343 2020 dicitur,

392 2046 483 2107 Deus
508 2056 555 2108 cst
585 2044 733 2129 spiritus!
772 2044 937 2131 sapientia,
960 2045 1054 2120 ratio,
1080 2057 1112 2110 et
1137 2066 1239 2117 amor,
1264 2043 1366 2128 quia>

391 2145 495 2209 anima
510 2144 641 2232 spiritus
654 2161 713 2224 est,
730 2160 762 2212 et
785 2148 917 2232 angelus
938 2147 1069 2232 spiritus
1083 2160 1142 2222 est,
1157 2159 1190 2210 et
1213 2145 1245 2208 in
1270 2145 1341 2230 ipso

390 2248 505 2333 spiritu
520 2253 611 2328 ratio,
621 2248 785 2336 sapientia,
796 2262 828 2313 et
840 2271 929 2312 amor
942 2264 999 2315 est.
1041 2252 1087 2314 Et
1102 2247 1248 2311 novimus
1260 2248 1339 2332 quid

389 2348 430 2413 sit
445 2348 576 2435 spiritus
587 2365 741 2437 quantum
754 2353 889 2417 animam
905 2352 1063 2428 novimus,
1075 2364 1107 2415 et
1121 2373 1179 2437 per
1190 2351 1338 2435 angelum

388 2448 525 2515 animam
546 2454 700 2517 novimus.
745 2454 853 2531 Quum
877 2476 955 2537 ergo
973 2452 1123 2517 audimus
1145 2453 1223 2538 quia
1246 2455 1338 2517 Deus

388 2551 519 2637 spiritus
533 2566 600 2628 est;
627 2556 804 2641 cogitamus
819 2556 956 2619 animam
978 2568 1010 2618 et
1024 2553 1185 2639 angelum,
1200 2566 1233 2618 et
1255 2555 1338 2618 sesti-

387 2676 510 2719 mamus
535 2656 785 2733 similitudinem,
808 2656 897 2743 quod
924 2655 987 2720 tale
1011 2654 1135 2741 aliquid
1161 2659 1252 2719 Deus
1276 2669 1336 2731 est,

388 2756 492 2840 qualis
513 2758 618 2821 anima
640 2758 688 2822 rel
712 2757 853 2842 angelus,
877 2757 955 2841 quia
977 2756 1109 2841 spiritus
1131 2769 1196 2834 est;
1227 2770 1258 2820 et
1283 2780 1335 2821 ne-

387 2858 503 2921 scimus
518 2879 612 2943 quarn
637 2856 730 2941 longe
752 2870 799 2919 est
820 2856 880 2920 hoc
895 2877 915 2917 a
930 2858 1083 2919 veritate:
1114 2855 1202 2939 quod
1216 2858 1334 2919 incom-

386 2958 608 3044 prehensibilis
618 2974 665 3023 est
675 2958 879 3023 excellentia.
920 2960 957 3021 Iu
971 2955 1026 3020 tali
1035 2968 1142 3020 autern
1151 2956 1334 3035 collatione;

387 3082 485 3124 unum
502 3073 657 3123 aeternum
676 3074 735 3139 est,
749 3060 836 3123 aliud
857 3058 1050 3144 temporale3
1080 3080 1180 3122 uuum
1202 3062 1334 3123 immen-

385 3184 466 3239 sum,
482 3162 569 3225 aliud
593 3160 885 3247 comprehensibile,
901 3182 1002 3224 unum
1022 3182 1146 3246 semper
1167 3161 1252 3226 idem
1269 3184 1332 3225 rna-

384 3284 479 3341 nens;
502 3261 589 3327 aliud
606 3264 768 3330 mutabile.
813 3266 859 3327 Et
874 3276 979 3327 tamen
995 3262 1072 3348 quia
1087 3262 1175 3328 aliud
1190 3261 1254 3327 dici
1269 3286 1331 3327 non

383 3378 498 3451 potest,
522 3366 582 3431 hoc
607 3366 743 3431 dicitur:
782 3388 822 3430 ne
847 3365 927 3429 nihil
956 3366 1094 3442 dicatur,
1121 3364 1198 3451 quia
1226 3364 1333 3430 adlruc

382 3466 482 3552 ipsam
510 3469 672 3533 veritatem
700 3492 763 3534 non
793 3491 962 3555 possumus
990 3468 1091 3533 donec
1115 3468 1220 3553 figura
1248 3480 1332 3531 tran-

381 3582 459 3644 seat,
486 3581 517 3634 et
545 3574 662 3636 veritas
690 3570 857 3636 manifeste
885 3583 1004 3656 pateat.
1049 3573 1145 3634 Nunc
1168 3590 1245 3651 ergo
1267 3591 1331 3632 ma-

381 3684 457 3735 nent
481 3672 603 3756 figurae,
620 3688 657 3737 ut
672 3675 762 3759 signa
778 3672 921 3737 veritatis
940 3672 1136 3758 accipiantur
1157 3670 1247 3756 quasi
1273 3692 1332 3754 pro

382 3776 532 3853 veritate3
562 3775 660 3841 donec
684 3776 788 3840 veniat
811 3774 898 3861 quod
922 3776 1099 3860 perlectum
1123 3786 1169 3837 est
1199 3776 1232 3836 iu
1262 3773 1332 3860 ipsa

380 3877 523 3941 veritate.
569 3880 744 3963 Propterea
767 3878 826 3941 hoc
840 3876 980 3965 primum
1004 3873 1197 3962 principium
1220 3889 1251 3940 et
1270 3898 1330 3939 cae-

380 3992 448 4043 tera
469 4003 577 4044 omnes
597 3994 747 4066 quaerunt
771 3979 947 4044 studiosius
967 3982 998 4042 in
1022 3979 1135 4055 trivio;
1160 3977 1329 4062 inquirunt

379 4080 592 4169 perspicacius
622 4083 653 4146 in
680 4080 869 4166 quadrivi03
905 4081 1096 4167 perquirunt
1122 4078 1271 4143 subtilius
1297 4082 1329 4143 in

379 4184 548 4270 theologiae
578 4197 610 4248 et
638 4182 850 4270 philosophiae
887 4183 1049 4247 scrutinio.
1107 4182 1188 4243 Haec
1222 4202 1331 4243 omnes

378 4300 541 4373 quarunt,
557 4286 613 4350 sed
630 4308 691 4349 non
708 4286 883 4361 inveniunt,
900 4286 1051 4370 quoniam
1069 4280 1185 4346 modus
1198 4280 1330 4366 inquisi-

376 4389 470 4453 tionis
500 4403 531 4453 et
563 4388 742 4472 ignorantia
773 4388 916 4451 veritatis
937 4386 983 4448 eis
1013 4383 1181 4449 obsistunt.
1233 4383 1330 4447 Unde
