3625 5317
736 751 959 800 namucus.

458 909 518 971 Ast
531 906 639 989 ignem
656 925 773 988 purum
787 908 834 969 nil
850 907 1009 971 maculare
1024 914 1142 988 potest.

370 1008 484 1071 Purius
499 1007 561 1070 hoc
576 1006 655 1069 nihil
670 1016 730 1083 est,
745 1004 801 1090 qui
816 1006 929 1071 sordes
943 1005 1095 1090 decoquit
1108 1027 1230 1071 omnes.

459 1106 555 1173 Unde
569 1108 678 1171 locum
692 1128 851 1173 summum
866 1128 916 1171 res
932 1107 1105 1171 Deisormis
1118 1109 1227 1171 hebet.

430 1208 525 1276 Quod
537 1206 730 1271 subluceat-in
744 1217 892 1290 aquetur
905 1216 995 1271 motu
1008 1209 1222 1290 superiorum.

373 1310 439 1373 Res
453 1310 641 1372 sublunares
654 1308 746 1371 nesci
760 1318 849 1372 motu
864 1307 1063 1391 superiorum

460 1408 606 1484 Constet,
616 1419 648 1473 et
658 1409 825 1473 immotum
837 1417 955 1472 cuncto
965 1428 1091 1471 morere
1107 1408 1223 1471 Deum
1243 1412 1325 1471 loeo

730 1510 820 1578 Quid
834 1516 970 1572 natura.

372 1609 568 1692 Principium
585 1621 691 1673 motus
705 1630 810 1673 rerum
825 1621 940 1671 nature
955 1617 1096 1685 vocetur,

459 1708 521 1772 Est
535 1710 568 1773 in
582 1722 703 1775 nuturae
719 1710 847 1773 nomine
863 1729 960 1773 ceum
973 1709 1087 1785 latens,

372 1810 478 1875 Consu
493 1811 606 1885 luteus,
620 1812 782 1895 proprium
798 1830 870 1894 quoe
886 1810 1013 1893 singule
1027 1807 1118 1871 ducit
1131 1806 1173 1871 ed
1189 1817 1302 1893 ortum,

456 1912 503 1974 Et
516 1910 638 1975 similes
653 1909 739 1975 rivos
754 1912 897 1975 lontibus
912 1931 983 1975 esse
997 1910 1082 1974 lecit.

372 2011 493 2075 Contra
506 2022 651 2077 naturam
666 2022 740 2077 sunt
754 2013 890 2097 plurime
904 2011 1125 2096 posteriorem,
1242 2013 1325 2074 loos

457 2110 521 2175 Sed
536 2122 647 2177 contre
660 2114 807 2197 primam,
821 2112 899 2197 quid
916 2114 999 2175 valet
1014 2108 1106 2175 esse?
1129 2108 1228 2173 nihil!

674 2210 727 2273 De
740 2212 874 2275 zodiaco
888 2211 1019 2274 circulo.

370 2308 531 2373 zodiacus
544 2310 596 2373 bis
611 2332 672 2375 sex
687 2312 831 2395 obliquet
845 2311 937 2393 signe
951 2321 1069 2385 rotatu,

456 2411 674 2496 AEqunlesque
690 2412 753 2476 sibi
766 2433 834 2475 non
850 2412 928 2477 sinit
941 2432 1012 2476 esse
1027 2411 1107 2476 dies.

371 2511 519 2574 Arcticus
532 2524 581 2575 est
595 2511 693 2576 medii
708 2525 819 2578 notum
836 2511 929 2577 nobis
944 2524 1043 2595 ceput
1056 2514 1140 2593 exis,

458 2609 523 2675 Sed
536 2613 693 2697 reliquum
708 2616 856 2697 probibet
869 2626 953 2677 terre
965 2612 1071 2676 videre
1086 2615 1206 2695 polum.
1245 2617 1325 2678 1070

374 2710 466 2785 Quod
482 2710 596 2791 clebus
618 2694 715 2774 terrm
729 2712 944 2791 planetarum
965 2710 1097 2771 circulis
1121 2715 1322 2775 amnicus

647 2818 696 2873 est
708 2808 826 2885 etsaec
840 2808 1081 2871 elementorum

372 2910 502 2998 Septem
517 2923 600 2976 terre
614 2912 701 2993 regis
717 2910 901 2975 excentrica
916 2911 1177 2995 subjacentiis,

454 3016 559 3088 Quem
574 3024 683 3077 temen
698 3026 735 3079 ut
748 3025 892 3078 centrum
908 3014 1067 3078 maximus
1081 3014 1168 3078 orbis
1182 3016 1288 3079 babet

372 3116 508 3181 Interior
523 3126 612 3199 paret
627 3136 754 3198 semper
769 3115 882 3197 globus
897 3114 1057 3195 exteriori,

456 3216 556 3279 Terra
570 3217 681 3280 subest
695 3216 822 3280 cunctis
838 3216 970 3280 orbibus
984 3229 1060 3299 epte
1075 3220 1152 3302 psti.

372 3319 453 3382 Haec
467 3318 597 3383 immota
608 3329 726 3397 menet,
735 3317 792 3382 sed
802 3317 836 3381 in
848 3320 958 3381 orbem
971 3329 1076 3385 cetere
1085 3332 1225 3400 currunt,
1242 3325 1324 3385 10⁷³

457 3420 498 3501 lp
514 3417 656 3483 medium
669 3417 819 3485 recidunt
832 3418 978 3502 pondere
992 3430 1112 3483 cuncte
1124 3422 1243 3485 locum.

372 3519 449 3583 Faex
464 3521 581 3584 etenim
597 3542 724 3606 semper
738 3521 773 3585 in
787 3520 887 3585 fundo
903 3520 994 3585 tarde
1008 3521 1145 3603 quiescit

457 3623 649 3705 Attcctuque
666 3644 725 3688 suo
740 3622 871 3687 sordide
885 3641 1024 3707 qumque
1037 3621 1125 3685 facit.

372 3720 490 3784 Omnia
504 3720 704 3802 sordescunt,
718 3744 793 3807 que
808 3724 892 3807 turpi
907 3724 987 3787 laece
1002 3722 1174 3804 replentur,

458 3821 550 3898 Quae,
565 3822 626 3885 nisi
642 3835 826 3905 purgentur,
841 3844 917 3887 vasa
930 3822 1034 3906 perire
1048 3821 1135 3885 fecit.
1241 3829 1323 3890 loeo

372 3920 423 3987 Sic
439 3923 557 3986 infecte
572 3921 630 3985 diu
645 3922 835 4007 devictaque
851 3924 940 3987 faecis
955 3944 1048 3987 scote

457 4023 522 4084 Vix
537 4034 635 4105 ceput
648 4023 763 4086 attollit
781 4043 870 4085 mens
885 4034 1016 4087 onerate
1029 4026 1105 4088 luto.

372 4124 457 4187 Nem
473 4142 574 4205 prope
589 4120 733 4185 tellurem
748 4130 822 4185 sunt
835 4119 925 4193 lumi,
941 4122 1080 4195 flemina,
1096 4124 1210 4195 nubes,

457 4225 539 4295 Quoe
554 4223 684 4287 turbent
698 4222 810 4285 oculos
824 4221 1002 4285 errationis
1016 4242 1107 4305 opus.

372 4322 493 4387 Contra
508 4333 652 4387 naturam
668 4321 768 4386 scoies
783 4322 925 4384 humens
938 4320 1072 4385 reflectit
1240 4324 1322 4386 1085

418 4442 491 4487 voc.
507 4444 537 4487 v.
835 4440 855 4483 r
