3625 5317
395 810 467 858 oar.
485 791 549 875 ur]
761 808 977 855 usrrcoctcr.
1310 793 1349 852 lc

396 961 518 1028 entium
531 960 714 1049 acquiescit.
747 960 881 1027 Illorum
895 972 1000 1026 temen
1012 958 1161 1035 maxime,
1170 959 1239 1043 qui,
1248 976 1350 1043 quum

395 1065 510 1128 inertes
535 1063 599 1128 sint
621 1075 654 1128 et
681 1062 798 1149 ignavi,
827 1061 939 1141 videri,
962 1081 1060 1147 quam
1086 1082 1154 1124 esse
1182 1057 1350 1146 sapientes,

393 1176 560 1249 appetunt.

393 1345 473 1432 Cep.
483 1352 514 1411 8.
531 1346 881 1429 Quande,qunliter‚ct
891 1344 1352 1429 nquilnasueritc'nstitutuat

436 1469 511 1532 Euo
533 1464 663 1552 quidem
684 1466 813 1530 omnino
831 1488 893 1530 uon
918 1462 1026 1541 miror,
1044 1465 1070 1529 si
1093 1462 1239 1529 credulos
1260 1460 1352 1527 audi·

394 1579 478 1633 tores
512 1591 598 1645 suos,
635 1568 735 1633 multa
770 1567 916 1632 mercede
953 1566 1145 1643 conductus,
1179 1578 1210 1629 et
1248 1563 1352 1628 multo

394 1683 539 1755 tempore
558 1690 664 1733 aerem
689 1668 870 1744 verberans,
885 1667 997 1731 docuit
1019 1666 1098 1730 nihil
1121 1666 1219 1730 seire:
1248 1686 1352 1751 quum

395 1778 428 1831 et
459 1764 527 1851 ipse
557 1764 756 1829 sinedoctus
778 1764 859 1828 sita
881 1763 1055 1849 magistris.
1101 1763 1267 1850 Siquidem
1289 1785 1353 1827 non

392 1866 564 1943 secundus,
580 1864 634 1930 sed
657 1865 819 1941 verbosus,
834 1878 867 1931 et
885 1868 953 1930 sine
973 1866 1084 1931 fructu
1106 1888 1267 1942 sensuum,
1285 1887 1355 1930 ver-

396 1968 511 2033 borum
532 1966 610 2033 folin
623 1970 656 2033 in
681 1976 809 2032 ventum
830 1968 982 2033 continue
1004 1969 1136 2056 profert.
1184 1967 1233 2032 Ea
1248 1981 1353 2032 tamen

393 2083 444 2137 est
458 2073 584 2135 cautela
601 2068 751 2146 hominis,
765 2092 867 2155 quum
887 2092 980 2155 aeque
1000 2071 1144 2134 omniurn
1165 2070 1253 2135 dicta
1267 2070 1354 2135 vitu-

393 2183 495 2259 peret,
526 2184 563 2237 ut
597 2172 630 2236 iu
665 2171 838 2237 astruenda
871 2194 940 2249 sun,
976 2186 1033 2238 aut
1065 2170 1168 2237 aliena
1199 2174 1356 2238 sententia

393 2274 602 2351 destruenda,
620 2296 784 2361 nunquam
804 2295 935 2339 menum
957 2288 1113 2350 conserat,
1133 2276 1256 2342 ratione
1274 2297 1356 2341 nuu-

395 2398 494 2463 quum
510 2376 677 2455 innitatur,
688 2397 852 2461 nunquam
865 2376 1021 2441 sustineat
1031 2377 1183 2463 congredi
1196 2378 1231 2442 in
1241 2398 1356 2463 campo

395 2476 645 2565 scripturarum:
672 2480 779 2542 nescio
793 2475 872 2565 quid
889 2476 1027 2542 arduum
1044 2490 1077 2543 et
1091 2478 1237 2563 ignotum
1253 2478 1355 2544 omni·

395 2578 458 2644 bus
496 2578 704 2665 sapientibus,
739 2578 876 2643 tumenti
918 2578 1042 2644 ventosi
1079 2578 1242 2665 pulmonis
1278 2577 1355 2645 folle

396 2680 558 2768 concepit:
583 2679 669 2745 unde
683 2679 777 2744 alicui
790 2680 993 2767 respondere,
1002 2693 1060 2746 aut
1075 2681 1233 2767 patienter
1243 2680 1356 2746 audire

397 2778 592 2865 quempiam,
613 2776 817 2863 dedignetur.
862 2777 897 2843 Si
919 2778 1003 2843 enirn
1020 2779 1179 2863 quidlibet
1201 2802 1356 2867 proposu-

397 2878 469 2960 eris,
480 2876 534 2943 ille
547 2876 791 2954 conviciabitur,
803 2885 860 2941 eut
875 2876 1002 2943 ridebit.
1038 2874 1085 2954 Si,
1097 2892 1135 2943 ut
1147 2879 1200 2944 ille
1214 2884 1358 2968 proposi·

397 2994 465 3047 turn
478 2979 604 3066 probet,
614 2990 790 3064 exspectas,
799 2976 913 3041 dilatio
927 2978 1102 3045 necessaria
1113 2990 1176 3043 est:
1195 2993 1243 3057 ut,
1253 3002 1356 3067 quum

398 3080 469 3145 dies
489 3078 629 3157 cesserit,
651 3090 686 3143 tu
709 3078 940 3164 expectationis
959 3079 1070 3148 fructu
1090 3080 1301 3165 fraudaberis,
1318 3106 1357 3149 eo

399 3178 487 3268 quod
505 3179 699 3265 Margaritae
717 3201 800 3255 suas,
816 3178 921 3265 porcis
938 3178 1061 3258 alienis,
1077 3194 1114 3247 ut
1134 3180 1191 3261 ait,
1206 3206 1269 3249 non
1285 3184 1357 3252 vult

397 3304 465 3347 esse
479 3302 674 3347 communes.
720 3279 860 3346 Fnbellis
876 3292 981 3347 tamen
996 3293 1029 3346 et
1046 3281 1152 3369 nugis,
1167 3306 1242 3349 suos
1255 3286 1357 3373 pascit

398 3383 525 3450 iuterim
545 3383 727 3448 auditores:
754 3404 847 3469 quos,
867 3382 936 3448 sine
957 3382 1036 3449 artis
1058 3383 1220 3462 beneficio,
1235 3388 1261 3451 si
1282 3410 1358 3453 vera

399 3496 474 3549 sunt
504 3506 579 3570 quae
608 3482 779 3570 promittit,
808 3484 905 3549 saciet
938 3483 1137 3569 eloquentes,
1166 3499 1200 3552 et
1229 3490 1357 3555 tremite

398 3583 622 3671 compendioso
643 3586 710 3649 sine
729 3584 849 3664 labore,
864 3583 1085 3672 Philosophoa.
1132 3586 1217 3653 Nam
1237 3601 1270 3656 et
1288 3591 1357 3677 ipse

399 3689 521 3775 accepit
549 3710 569 3753 a
597 3686 793 3769 doctoribus,
819 3685 909 3773 quod
940 3710 1025 3755 nunc
1053 3687 1219 3777 discipulis
1246 3693 1357 3773 tradit,

398 3812 517 3877 eosque
550 3789 595 3855 sio
630 3788 781 3867 instituit,
810 3787 893 3854 sicut
927 3803 958 3856 et
993 3791 1062 3877 ipse
1099 3791 1267 3859 institutus
1299 3810 1357 3863 est.

400 3888 587 3979 Discipulos
606 3912 683 3977 ergo
700 3894 732 3956 in
751 3891 960 3978 Philosophia
979 3890 1039 3958 sibi
1057 3893 1153 3961 faciet
1169 3896 1357 3983 coaequales.

402 3990 488 4068 Quid
511 3994 639 4059 multa?
672 4014 775 4057 noune
798 3992 844 4059 sic
870 3993 1003 4079 perfecti
1029 4007 1136 4077 erunt,
1155 3997 1253 4083 juxte
1276 3997 1357 4065 illud

403 4092 582 4179 Evangelii,
597 4094 784 4183 Discipulus
804 4098 907 4161 omnis
922 4096 1085 4182 perlectus
1103 4112 1162 4175 est,
1178 4100 1204 4165 si
1219 4101 1260 4167 sit
1274 4102 1358 4167 sicut

403 4194 554 4279 magister
579 4196 669 4281 ejus?
699 4200 751 4263 Eo
776 4212 883 4263 autem
911 4211 1053 4284 tempore
1082 4200 1143 4265 ista
1168 4200 1359 4268 Cornificius

402 4295 526 4379 didicit,
542 4319 615 4383 quoe
631 4320 715 4363 nunc
732 4299 874 4365 docenda
889 4314 1039 4383 reservat,
1053 4301 1212 4367 audienda
1226 4304 1358 4388 quidem

401 4396 560 4482 felicibus,
580 4411 625 4479 et,
648 4412 684 4464 ut
703 4400 765 4466 diei
786 4402 877 4479 solet,
898 4402 1031 4467 auribus
1049 4403 1152 4479 «Iovis,
1176 4403 1305 4489 quando
1325 4407 1358 4472 in
