3625 5317
455 769 518 828 elo
709 779 846 825 saturus
861 775 1137 825 ammonitrum

455 1093 535 1176 Cep.
551 1095 581 1154 3.
607 1092 819 1176 lanfrancus
845 1091 937 1172 prior
962 1089 1056 1153 Becci
1085 1096 1273 1174 ammptua
1295 1097 1344 1153 eet
1366 1092 1404 1152 in

496 1193 637 1272 regimen
657 1191 844 1254 monasterii
869 1190 1085 1254 cadomense.
1134 1189 1309 1254 Auselmue
1332 1211 1402 1254 euc-

496 1293 578 1358 cede
591 1296 628 1358 iu
639 1296 822 1377 prioratum
838 1293 1004 1356 Beeceueis
1017 1292 1155 1357 cenobii.
1200 1293 1252 1356 De
1266 1289 1405 1356 Waltero

502 1396 622 1478 Tprell,
637 1397 714 1462 dum
731 1395 907 1480 pranderet
920 1414 993 1457 cum
1007 1393 1169 1472 Atalmo,
1182 1401 1213 1456 et
1233 1393 1272 1458 dt
1282 1393 1405 1477 grandi

496 1497 608 1560 sturio.

499 1650 677 1712 Actumero
698 1665 771 1708 vero
794 1645 975 1708 Lanlranco
997 1645 1033 1706 in
1053 1645 1195 1724 regimen
1221 1643 1403 1707 monasterii

456 1745 676 1824 Cadomeusis,
693 1743 722 1808 ei
737 1743 771 1806 in
786 1744 958 1826 prioratum
975 1745 1150 1806 Beooeusis
1170 1743 1317 1806 ecclesiia
1331 1763 1404 1806 suc·

455 1845 544 1912 cedit
566 1846 746 1909 Auselmus.
803 1842 932 1906 Studuit
954 1853 1073 1918 autem,
1095 1854 1131 1906 ut
1152 1863 1210 1926 pm
1232 1843 1403 1926 adeptione

454 1947 587 2011 honoris
602 1956 634 2009 et
649 1943 764 2028 gradus
774 1945 845 2028 ipse
857 1963 985 2028 quoque
999 1943 1035 2005 in
1049 1944 1201 2025 religione
1215 1943 1402 2026 pmficeret3

455 2061 487 2114 et
502 2051 585 2128 Deo,
600 2049 652 2112 cui
668 2047 838 2110 devoverat
855 2044 1046 2129 obsequium
1062 2065 1166 2122 suum,
1178 2044 1306 2108 fidelius
1321 2043 1403 2106 mili·

454 2162 544 2215 taret.
588 2152 609 2213 J
611 2170 661 2212 am
678 2147 854 2213 crucifixus
867 2145 989 2209 muodo
1003 2156 1037 2209 et
1049 2145 1321 2230 concupiscentiis
1335 2146 1404 2229 ejus

456 2251 601 2313 scelestis
630 2249 814 2330 cogitabam
851 2258 882 2311 et
910 2268 949 2310 ea
978 2247 1136 2310 duntaxat
1167 2247 1340 2310 exercebat
1367 2246 1402 2308 in

455 2369 562 2432 opere,
577 2369 649 2432 qum
664 2347 704 2411 ad
719 2361 869 2411 oeternam
884 2347 1060 2430 proliciunt
1074 2347 1180 2410 vitam.
1225 2348 1302 2411 Non
1316 2347 1402 2411 euim

455 2469 558 2512 mores
574 2449 737 2511 hominum
753 2449 893 2512 habebat
908 2450 1091 2532 exemplum
1108 2450 1191 2525 vitre,
1202 2447 1257 2512 scd
1274 2449 1402 2511 verbum

457 2551 529 2614 Dei.
575 2549 742 2632 Siquidem
758 2548 866 2611 diviua
884 2549 1059 2634 Scriptura,
1074 2563 1108 2614 ut
1122 2552 1192 2635 ipse
1206 2551 1312 2615 dicere
1327 2571 1403 2614 con·

455 2663 609 2730 sueverat,
623 2653 746 2734 optima
759 2652 842 2714 bene
854 2651 983 2714 vivendi
998 2651 1097 2715 torma
1111 2663 1170 2715 est.
1200 2653 1283 2716 Sunt
1297 2663 1402 2716 autem

456 2766 602 2837 quatuor,
628 2753 712 2816 uude
742 2752 770 2816 ei
796 2762 946 2835 poteraut
968 2752 1103 2837 justitie
1126 2752 1217 2814 rivuli
1242 2752 1404 2831 scaturire,

456 2855 580 2919 scilicet
595 2855 676 2937 legis
693 2854 752 2917 Dei
768 2853 933 2917 meditatio
941 2853 1040 2937 jugis,
1057 2854 1207 2916 executio
1221 2865 1323 2931 caum,
1337 2853 1404 2917 lida

457 2955 579 3033 relatio,
602 2957 700 3018 oratio
727 2955 850 3018 devota.
896 2953 983 3026 Quid
1005 2955 1089 3017 enim
1114 2952 1286 3037 perfectius
1308 2975 1404 3038 quam

455 3057 489 3120 in
503 3058 574 3139 lege
586 3057 719 3120 Domini
734 3055 878 3119 meditari
893 3055 947 3118 die
961 3067 995 3119 et
1007 3068 1121 3132 nocte3
1143 3075 1240 3139 quam
1255 3077 1404 3122 exercere

457 3157 607 3222 mandata
620 3181 640 3221 a
655 3159 772 3242 quibus
793 3178 828 3222 se
847 3157 1024 3240 intelligere
1042 3158 1200 3241 propheta
1213 3161 1405 3239 gratulatum

458 3281 552 3341 quam
568 3261 763 3324 annunciare
779 3262 911 3340 gloriam
932 3262 1006 3338 Dei,
1019 3282 1039 3324 a
1052 3261 1145 3344 cujus
1163 3262 1325 3345 preconio
1338 3261 1405 3343 pis·

458 3369 580 3423 catores
592 3359 705 3441 inclyti
713 3359 789 3422 fecti
800 3360 832 3423 in
845 3361 1143 3426 doctrinave-itatis
1153 3374 1185 3425 et
1194 3362 1406 3446 philosophos

458 3461 598 3540 gentium
623 3459 845 3525 confuderunt.
891 3463 931 3524 ln
959 3463 1010 3526 his
1033 3474 1211 3546 occupatus
1236 3464 1407 3527 Anselmus

456 3561 647 3646 obsequium
661 3581 752 3625 suum
776 3560 900 3625 devotis
919 3563 1116 3626 orationibus
1137 3561 1280 3626 Domino
1294 3581 1408 3627 conse·

457 3663 584 3740 crabat3
618 3671 707 3725 tanta
735 3661 876 3745 seipsum
912 3673 1056 3726 mactans
1087 3662 1213 3740 inedia3
1245 3674 1282 3726 ut
1308 3663 1406 3726 modo

456 3762 639 3825 illecebram
666 3764 748 3844 guloe
772 3763 966 3846 reprimeret,
988 3783 1032 3826 sc,
1056 3763 1098 3825 ab
1128 3762 1219 3825 initio
1248 3763 1406 3845 priomcu

457 3861 506 3925 sui
522 3859 766 3925 delectationem
782 3862 846 3926 cibi
860 3873 917 3925 aut
930 3873 1027 3945 potus
1040 3862 1173 3925 omuino
1183 3882 1248 3925 nou
1263 3863 1406 3926 sentiret

457 3963 523 4028 Sed
538 3984 602 4028 uon
621 3963 738 4026 famem
759 3965 939 4048 patiebatur
959 3983 979 4026 a
992 3959 1129 4047 jejunio,
1146 3961 1203 4047 qui
1216 3963 1285 4047 jem
1301 3985 1407 4027 come-

456 4066 555 4130 dendi
570 4067 933 4146 amiseratvoluptatem.
962 4066 1099 4136 Quanto
1111 4064 1406 4137 devotionisfucrit,

457 4169 615 4232 orationes
630 4187 710 4250 quas
725 4164 852 4246 scripsit
867 4166 1030 4243 iudicaut3
1052 4177 1085 4230 et
1098 4167 1126 4230 si
1141 4166 1213 4249 quis
1228 4165 1406 4230 meditatio-

457 4287 533 4330 num
549 4268 618 4350 ejus
640 4269 756 4331 librum
779 4267 913 4342 excutit,
934 4277 1078 4348 patenter
1099 4268 1265 4331 inveniret.
1310 4267 1406 4339 Quod

457 4366 497 4432 de
513 4369 652 4432 Martino
668 4369 820 4451 scriptum
832 4377 891 4443 est,
902 4368 1110 4432 certissimum
1127 4369 1168 4432 sit
1183 4367 1224 4432 de
1236 4369 1406 4443 :insalsum
