3625 5317
411 779 581 863 cnr.xx1.]
760 798 1003 846 uaranoorcua.
1314 788 1356 845 58

409 948 513 1015 lienus
535 970 602 1015 eam
629 949 828 1016 commendat
854 948 945 1027 adeo,
970 963 1008 1016 ut
1036 948 1139 1015 dicat:
1173 954 1251 1035 quia
1276 971 1357 1016 usus

405 1058 637 1135 prammatices,
656 1061 687 1118 et
708 1075 799 1119 amor
818 1056 970 1131 octona,
988 1074 1056 1118 non
1074 1055 1256 1119 aetolorum
1278 1060 1354 1117 tem-

405 1157 617 1237 pertinacem
634 1159 711 1221 aitae
723 1159 828 1239 spatio
844 1159 1045 1221 terminetur.
1089 1156 1172 1219 Nam
1192 1168 1224 1220 et
1239 1154 1354 1220 intelli-

407 1274 481 1337 gere
496 1252 600 1329 docet,
614 1266 647 1319 et
666 1252 789 1318 dicere:
818 1267 967 1319 accentus
981 1255 1076 1339 regit,
1090 1268 1123 1320 et
1144 1252 1244 1341 ipsius
1259 1254 1355 1337 vocis,

408 1376 473 1439 qua
487 1355 609 1420 utimur
629 1368 729 1442 prout
743 1357 885 1443 personis
905 1369 938 1421 et
952 1356 1048 1421 rebus
1065 1356 1224 1437 convenit,
1239 1380 1355 1443 usque·

408 1479 536 1544 quaque
556 1458 768 1524 instrumenta
788 1458 961 1546 componit.
1006 1457 1090 1524 Nam
1113 1471 1146 1524 et
1166 1459 1354 1545 pronuntia·

407 1557 503 1623 tionis
524 1559 575 1624 lex
599 1560 662 1625 alia
686 1571 800 1635 metro,
822 1559 884 1623 alia
908 1581 1011 1644 prosae
1035 1559 1261 1645 praescribitur.
1305 1559 1354 1624 Si-

406 1660 537 1746 quidem
553 1661 616 1725 alia
629 1659 750 1742 melica,
764 1661 826 1725 alia
839 1661 983 1737 metrica,
994 1660 1056 1724 alia
1070 1659 1280 1745 significativa
1294 1673 1349 1725 est.

408 1762 474 1829 Sed
499 1762 541 1825 ad
564 1762 716 1827 musicam
743 1762 856 1827 melica
880 1762 1027 1846 pertinet.
1071 1761 1169 1825 Unde
1190 1775 1223 1826 et
1245 1764 1354 1827 Caesar

405 1872 607 1949 pretextatus
621 1863 749 1949 egregio
771 1874 941 1927 scommate
956 1861 1029 1929 lusit
1052 1864 1084 1926 in
1107 1861 1286 1949 quendam:
1314 1865 1356 1931 Si

405 1970 494 2049 legis,
517 1974 653 2041 eantas‚·
687 1970 863 2043 sinuntur,
885 1969 1112 2030 malecautus.
1158 1963 1208 2029 Eo
1229 1975 1353 2051 spectat

406 2067 493 2155 quod
514 2069 707 2135 Martianus
727 2070 760 2133 in
783 2066 905 2155 nuptiis
927 2067 1080 2133 Mercurii
1100 2080 1131 2131 et
1152 2066 1352 2153 Philologioe,

408 2171 656 2237 Grammatioam
679 2172 769 2237 ducit
792 2193 864 2235 cum
889 2170 1023 2258 scalpro,
1045 2182 1077 2235 et
1098 2169 1214 2247 ferula,
1237 2185 1269 2235 et
1293 2193 1351 2235 un-

406 2272 582 2357 guentiaria
596 2273 715 2360 pyxide
726 2272 934 2338 medicorum.
967 2270 1098 2359 Scalpro
1113 2272 1270 2358 siquidem
1286 2274 1352 2337 oria

404 2374 481 2441 vitia
499 2388 628 2462 purgat,
641 2388 672 2440 et
688 2374 858 2440 infantium
879 2374 1017 2460 linguas,
1031 2374 1087 2459 qui
1102 2373 1142 2437 ad
1162 2385 1262 2439 artem
1278 2376 1351 2463 phi·

402 2477 564 2565 losophiae,
587 2501 623 2542 ea
648 2477 863 2564 praelactante,
888 2476 1026 2553 cibante,
1052 2488 1086 2541 et
1109 2476 1247 2543 ducente
1272 2477 1350 2543 ituri

404 2594 490 2662 sunt,
503 2581 598 2661 radit,
613 2580 691 2645 dum
706 2580 830 2645 erudit:
858 2592 890 2644 et
906 2602 945 2643 ne
963 2578 1170 2661 barbarismo,
1185 2592 1241 2645 aut
1257 2579 1349 2645 soloe·

402 2686 500 2748 cismo
522 2682 714 2763 balbutiant,
736 2684 768 2747 in
797 2704 939 2746 sermone
961 2680 1153 2766 performat:
1183 2694 1350 2765 peccantes

402 2795 506 2850 autem
533 2783 668 2870 castigat
694 2783 816 2858 ferula;
848 2795 883 2847 at
911 2794 1078 2866 unguento
1107 2781 1292 2861 honestatis,
1317 2798 1350 2850 et

401 2887 561 2967 utilitatis,
584 2910 660 2973 quae
686 2908 726 2950 ex
752 2907 790 2947 ea
818 2886 976 2969 provenit,
1003 2881 1194 2967 patientium
1223 2883 1350 2967 mitigat

399 3010 539 3076 poenam.
577 2988 714 3050 Manum
727 3006 857 3070 qnoque
871 2982 912 3045 ad
927 2993 1013 3045 recte
1026 2980 1228 3045 scribendum
1243 2983 1350 3051 reddit

398 3090 546 3155 idoneam
558 3112 566 3161 3
591 3087 676 3151 acuit
688 3098 719 3150 et
732 3084 845 3159 visum,
858 3094 895 3147 ut
907 3080 936 3146 ei
948 3095 1055 3169 partes
1066 3080 1166 3145 literae
1178 3081 1349 3164 densiores,

398 3204 457 3257 aut
468 3190 573 3253 velum
585 3186 802 3274 multipliciter
813 3184 1023 3262 elaboratum,
1031 3183 1158 3248 obstare
1166 3207 1228 3249 non
1239 3187 1349 3273 possit.

398 3293 512 3379 Aperit
532 3313 636 3362 aures,
659 3311 740 3377 quas
762 3304 826 3353 tam
846 3286 1010 3372 gravibus,
1033 3307 1130 3372 quam
1152 3287 1266 3365 acutia,
1284 3287 1348 3355 imo

399 3410 431 3461 et
445 3394 569 3460 cunctis
584 3393 726 3469 vocibus,
742 3389 847 3455 reddit
863 3388 1091 3453 accommodas.
1136 3389 1170 3455 Si
1185 3411 1262 3474 ergo
1278 3403 1348 3457 tan.

400 3509 466 3563 tum
483 3494 632 3561 utilitatis
653 3501 794 3579 praestat,
810 3504 842 3556 et
864 3489 962 3555 clavia
981 3501 1028 3553 est
1050 3491 1191 3553 omnium
1211 3489 1348 3574 scriptu·

324 3651 327 3661 .
398 3620 517 3676 rarum,
533 3608 565 3662 et
579 3596 678 3662 totius
697 3596 849 3659 sermonis
868 3606 970 3657 mater
984 3604 1018 3654 et
1038 3591 1170 3668 arbitra,
1183 3587 1256 3677 quis
1276 3614 1345 3657 eam

398 3696 640 3784 aPhilosophiae
650 3694 813 3761 liminibus
825 3692 956 3766 arcebit,
966 3690 1025 3755 nisi
1035 3689 1091 3775 qui
1102 3688 1346 3774 intelligentiam

398 3824 507 3866 eorum
529 3822 604 3887 quae
629 3799 794 3873 dicuntur,
816 3808 874 3860 aut
896 3794 1015 3882 scripta
1036 3804 1122 3871 aunt,
1143 3791 1185 3855 ad
1206 3791 1346 3878 philoso-

398 3902 560 3990 phandum
583 3902 685 3968 credit
707 3924 773 3965 esse
798 3897 1002 3986 superfluam.
1047 3895 1172 3981 Utique
1195 3894 1251 3981 qui
1275 3918 1345 3961 eam

398 4004 564 4091 abjiciunt,
583 4014 640 4069 aut
661 4014 879 4078 contemnunt,
900 4020 1000 4065 caecos
1019 4008 1051 4060 et
1073 3996 1188 4060 surdos
1207 3994 1346 4083 philoso-

397 4106 498 4191 phicis
527 4106 640 4173 studiis
667 4102 789 4169 faciunt
824 4101 974 4188 aptiores,
1005 4119 1102 4184 quam
1133 4117 1198 4171 eos,
1229 4097 1346 4181 quibus

398 4221 521 4273 naturae
546 4206 663 4293 gratia,
688 4204 804 4289 integri
834 4224 944 4267 sensus
970 4198 1110 4284 vigorem
1138 4194 1286 4271 contulit,
1313 4207 1345 4257 ct

395 4322 567 4376 consen-at.
