3625 5317
689 803 766 848 vrra
782 802 898 850 saucrr
913 804 1068 850 russam.
1298 791 1362 852 88³

404 955 625 1043 possessiones
644 955 714 1039 ejus
734 957 902 1021 confiscari
921 957 1084 1040 pracepit,
1103 957 1137 1018 in
1158 956 1278 1021 irritum
1301 957 1360 1022 du-

406 1079 484 1121 cens
499 1056 607 1120 omnia
622 1076 694 1139 quae
708 1056 764 1118 ille
780 1069 928 1137 gesserat

448 1157 620 1220 Anselmus
648 1167 753 1220 autem
782 1156 906 1220 indicto
942 1157 1004 1220 sibi
1040 1158 1209 1223 laetabatur
1241 1158 1361 1234 exili03

403 1259 527 1323 arrham
557 1278 685 1340 quoque
716 1253 829 1320 futurae
859 1256 1068 1321 beatitudinis
1101 1267 1243 1335 noverat,
1271 1259 1361 1341 quod

404 1379 478 1421 cam
498 1347 556 1441 pro
573 1354 699 1439 justitia
720 1356 789 1438 pati
812 1356 974 1420 Dominus
996 1356 1198 1438 dignabatur.
1242 1359 1357 1422 Eccle-

403 1457 521 1521 siarum
561 1453 814 1540 compatiebatur
853 1456 1003 1520 aerumnis
1042 1457 1184 1540 sortique
1220 1479 1361 1537 suorum,

404 1578 539 1642 quorum
569 1557 768 1622 calamitates
797 1557 853 1619 rix
883 1557 953 1620 sine
982 1557 1123 1620 lacrimis
1151 1558 1267 1622 referet
1302 1559 1359 1642 qui

405 1659 542 1722 fideliter
561 1657 742 1721 meminerit
763 1657 962 1738 tempestatis
978 1658 1075 1720 illius.
1121 1657 1241 1722 maelis
1255 1669 1360 1722 autem

404 1757 504 1835 Deus,
519 1757 575 1841 qui
596 1765 762 1839 sperantes
784 1754 816 1816 in
839 1776 873 1818 se
894 1775 961 1818 non
981 1755 1111 1833 deserit,
1132 1757 1212 1820 serri
1232 1756 1281 1820 sui
1301 1777 1361 1840 pro

401 1859 475 1942 ipso
495 1857 646 1942 patientis
668 1855 880 1921 comitabatur
901 1856 1055 1932 exilium3
1079 1869 1115 1920 ut
1129 1879 1259 1943 quoquo
1281 1879 1358 1940 gen-

404 1959 484 2022 tiam
507 1969 567 2022 aut
588 1959 733 2023 locorum
757 1957 888 2034 veniret,
912 1957 1052 2020 humane
1077 1959 1279 2041 reciperetur,
1302 1961 1358 2023 be-

402 2061 501 2140 nigne
516 2061 682 2136 coleretur,
697 2059 830 2122 honeste
846 2043 1042 2136 tricaretur,
1056 2072 1088 2122 et
1102 2059 1308 2125 exaudiretur
1318 2063 1359 2125 ab

404 2161 553 2226 omnibus
581 2180 639 2242 pro
669 2179 726 2222 sua
755 2160 940 2222 reverentia.
994 2161 1082 2224 Nam
1114 2159 1149 2223 in
1177 2161 1249 2244 ipsa
1278 2162 1359 2226 facie

405 2263 544 2328 hominis
559 2261 707 2347 quaedam
723 2261 841 2326 dirinae
864 2260 1047 2326 dulcedinis
1068 2263 1169 2344 gratia
1182 2263 1360 2342 relucebat,

403 2375 441 2429 ut
455 2365 496 2428 ab
512 2364 662 2428 omnibus
676 2374 852 2439 amaretur3
876 2375 909 2428 et
924 2362 1106 2428 veneranda
1127 2365 1260 2429 canities
1274 2367 1361 2430 senis

404 2465 547 2530 timentis
568 2465 746 2528 Dominum
768 2465 1003 2549 aspicientibus
1025 2466 1190 2548 ingerebat
1213 2488 1359 2532 reveren·

403 2566 480 2630 tiam
502 2567 619 2648 pariter
642 2575 675 2628 et
694 2566 849 2630 timorem.
895 2566 1060 2650 Cujusque
1083 2568 1185 2632 aetatis
1207 2578 1359 2633 etseras

403 2667 561 2743 homines,
576 2685 706 2750 quaqua
724 2667 869 2728 locorum
890 2665 1061 2728 adventum
1082 2666 1153 2748 ejus
1174 2666 1260 2730 fama
1276 2689 1358 2750 prra-

404 2768 621 2843 nunciaverat,
643 2767 672 2828 ei
694 2767 856 2828 turmatim
879 2765 1108 2841 occurrebant3
1135 2776 1172 2829 ut
1192 2786 1283 2830 sacra
1303 2770 1359 2832 be·

404 2865 588 2929 nedictione
603 2863 673 2947 ejus
687 2863 786 2946 potiri
800 2872 1004 2926 mererentur.
1049 2863 1135 2926 Nam
1155 2865 1210 2948 qui
1229 2865 1310 2929 nihil
1324 2869 1358 2931 in

404 2965 539 3031 transitu
565 2964 672 3028 videre
704 2974 895 3042 meruerunt,
921 2984 956 3027 sa
981 2963 1091 3027 felices
1116 2965 1358 3032 arbitrabantur.

403 3068 543 3152 Eloquia
559 3065 630 3150 ejus
644 3067 717 3128 Deo
732 3065 872 3141 condita,
887 3077 919 3128 ct
934 3063 1134 3128 auditoribus
1154 3077 1243 3147 grata
1256 3081 1357 3147 erant,

404 3178 438 3233 et
460 3170 568 3233 Deum
595 3167 784 3232 timentibus
808 3164 952 3229 dulciora
976 3184 1072 3247 super
1096 3166 1159 3228 mel
1185 3176 1219 3230 et
1242 3167 1357 3232 savum.

403 3271 534 3342 Quanto
562 3269 701 3351 amplius
730 3269 906 3345 colebatur,
934 3277 1025 3330 tanto
1055 3267 1180 3332 cautius
1210 3268 1358 3333 virtutem

401 3369 590 3434 humilitatis
612 3366 815 3432 custodiebat
822 3389 832 3442 3
859 3378 893 3432 et
916 3389 1010 3432 cerus
1028 3368 1148 3433 Christi
1168 3369 1358 3455 discipulus,

404 3493 502 3557 quum
532 3480 618 3535 esset
646 3470 789 3533 omnium
818 3469 989 3546 maximus,
1011 3469 1096 3535 inter
1116 3472 1223 3536 socios
1252 3494 1358 3538 versa·

400 3575 496 3640 batur
509 3583 545 3637 ut
554 3571 675 3657 junior,
691 3581 724 3635 et
739 3569 795 3655 qui
810 3568 1015 3654 precedebat
1028 3571 1114 3634 sicut
1128 3572 1331 3637 ministrator.

445 3674 619 3738 Transiens
649 3683 755 3737 autem
786 3691 886 3755 usque
917 3669 1124 3751 Lugdunum,
1149 3671 1196 3733 ibi
1221 3674 1357 3739 nuncios

403 3795 483 3857 quos
505 3774 642 3836 Romam
665 3771 836 3844 direxerat,
859 3767 1042 3832 infirmitate
1068 3769 1211 3852 corporis
1232 3781 1264 3835 et
1285 3773 1357 3836 aliis

404 3872 596 3958 quibusdam
634 3873 741 3936 causis
778 3869 974 3954 prepeditus
1008 3871 1050 3933 ab
1084 3869 1208 3947 itinere,
1238 3894 1357 3957 expec-

403 3973 491 4038 tavit.
536 3973 662 4045 Quibus
686 3971 910 4044 redeuntibus,
924 3981 1057 4034 vocatus
1070 3992 1091 4035 a
1106 3972 1256 4036 Romano
1275 3995 1357 4056 pon·

400 4073 487 4138 tisrce
513 4070 658 4157 pervenit
686 4071 891 4146 Lateranum,
918 4053 958 4131 ei
976 4089 1052 4131 cum
1079 4069 1201 4132 honore
1231 4093 1356 4136 summo

399 4176 563 4260 recipitur.
608 4173 685 4256 Agit
714 4173 744 4235 ei
774 4171 892 4253 gratias
917 4171 1057 4235 ecclesia
1081 4172 1246 4236 Romana:
1280 4175 1357 4258 Ipse

401 4297 532 4359 quoque
562 4277 729 4338 Romnum
763 4271 921 4356 pontifex,
953 4270 1002 4351 [in
1035 4271 1220 4353 praesenria]
1260 4276 1356 4340 totius

400 4377 495 4440 curiae
511 4389 542 4440 et
557 4377 713 4441 nobilium
735 4374 938 4458 populorum,
954 4373 1010 4456 qui
1030 4373 1110 4436 tanti
1131 4375 1236 4439 exulis
1257 4397 1355 4456 causa
