3625 5317
485 752 548 813 ate
738 765 1171 813 roanmsssssssnursnsrs

574 918 706 1003 Semper
719 930 750 981 et
766 917 908 1003 insignit,
924 940 1020 1003 quem
1036 917 1129 983 docet
1144 942 1210 983 esse
1225 940 1342 991 suum;

487 1018 1438 1105 Nuncpede,nuneocu10,nunclingua,nunchumer0mmass

574 1123 690 1196 Gestu,
706 1142 792 1184 nune
807 1120 918 1184 voltus
932 1120 1070 1185 frumine
1085 1143 1247 1207 quemque
1262 1135 1363 1187 notat.

489 1220 657 1285 Interdum
673 1234 763 1285 motu
779 1219 894 1305 capitis
907 1220 1078 1307 cultusque
1093 1220 1198 1305 ligura

575 1324 645 1389 Aut
661 1345 793 1409 opernm
808 1344 875 1387 sese
890 1324 991 1388 bestia
1006 1345 1091 1389 sava
1105 1324 1213 1387 refert.

489 1424 655 1490 Erudiunt
670 1425 788 1504 hostes,
802 1425 856 1489 sed
873 1426 973 1491 bestia
988 1448 1072 1490 saera
1085 1426 1261 1511 superbum

576 1526 697 1592 Reddit
713 1541 746 1592 et
759 1526 877 1591 elatum
893 1527 1002 1613 dejicit
1016 1541 1115 1613 atque
1130 1542 1229 1591 necat.
1374 1532 1436 1591 200

491 1626 621 1692 Proficit
635 1629 677 1693 ad
693 1629 841 1694 meritum
858 1652 969 1716 pugna
985 1630 1123 1694 tenuisse
1138 1652 1296 1705 coronam,

577 1735 744 1819 Hosteque
759 1746 920 1818 prostrato
933 1732 1034 1818 gloria
1051 1732 1151 1819 major
1166 1732 1235 1796 erit.

489 1836 602 1920 Pugna
617 1835 723 1918 gravis
736 1834 877 1899 fructum
893 1856 1018 1919 magnas
1033 1833 1186 1898 mercedis
1201 1832 1344 1911 habebit,

576 1937 659 2000 Nam
676 1935 798 2002 meritis
812 1959 930 2000 merces
945 1936 1044 2023 digna
1058 1934 1166 2001 labore
1180 1934 1287 1999 dator.

491 2038 614 2102 Militat
630 2061 706 2123 ergo
721 2038 811 2103 labor
825 2060 949 2124 semper
964 2048 1179 2124 properatque
1195 2037 1308 2101 mereri
1376 2042 1436 2100 295

578 2138 624 2203 Er
640 2140 752 2202 mortis
765 2160 892 2203 causmn
909 2138 976 2203 sive
991 2136 1102 2203 salutis
1116 2136 1193 2221 agit.

491 2240 550 2303 Ille
566 2239 654 2303 labor
669 2241 758 2305 solus
771 2240 846 2305 vitre
861 2240 977 2305 servire
993 2240 1159 2327 probatur,

574 2340 680 2415 Quem
696 2358 801 2409 moret
814 2356 912 2428 atque
927 2343 1008 2429 regit
1024 2342 1232 2428 Philosophia
1247 2362 1371 2413 comes;

491 2444 549 2508 Ille
564 2444 632 2509 neci
648 2443 756 2520 servit,
771 2467 867 2528 quem
884 2443 1090 2531 Philosophia
1104 2443 1266 2530 relinquit,

572 2546 1363 2633 Quamiousest,quiequidmundushaberepotcst.
1373 2550 1436 2609 300

384 2718 395 2733 Ι
490 2651 522 2715 si
538 2648 611 2736 quis
625 2649 654 2714 ei
670 2661 773 2713 tentat
788 2647 962 2734 condignas
978 2648 1082 2713 dicere
1097 2648 1220 2724 laudes,

575 2752 692 2817 Deficit
708 2752 881 2837 ingenium,
898 2751 1046 2839 victaque
1061 2750 1171 2835 lingua
1184 2748 1265 2826 silet,

488 2860 559 2922 Aut
573 2855 598 2919 si
615 2878 677 2919 non
692 2853 793 2935 sileat,
807 2851 959 2929 balbutit,
975 2850 1077 2917 dicere
1092 2851 1200 2937 gestit,

573 2958 668 3036 Quod
684 2960 794 3044 nequit
810 2955 911 3032 effari,
928 2967 1067 3042 notaque
1083 2968 1157 3019 vota
1172 2954 1257 3019 facit.

619 3063 712 3136 Quod
721 3062 921 3143 philosophia
936 3066 967 3123 et
980 3062 1105 3123 coritas
1119 3066 1197 3125 sunt
1211 3058 1303 3121 idem.

489 3163 521 3226 Si
539 3184 634 3225 verus
648 3165 738 3225 Deus
752 3174 800 3224 est
814 3159 979 3225 hominum
995 3158 1150 3247 sapientia
1165 3182 1249 3234 vera,
1373 3166 1436 3224 305

574 3263 669 3324 'l'unc
683 3283 772 3323 amor
783 3276 831 3323 est
848 3262 913 3325 reri
930 3260 1135 3348 Philosophia
1150 3264 1222 3327 Dei.

489 3365 534 3426 At
547 3360 572 3424 si
589 3358 785 3424 mundanum
801 3360 880 3425 nihil
896 3362 951 3427 illo
967 3364 1070 3449 majus
1084 3384 1201 3443 amore,

573 3464 619 3527 Et
634 3463 660 3528 si
675 3460 804 3529 divinus
818 3464 924 3528 omnia
941 3466 1038 3530 vincit
1053 3488 1152 3543 amor,

486 3566 622 3653 Collige,
638 3565 725 3653 quod
740 3564 894 3631 mundum
913 3564 1107 3632 transcendit
1126 3564 1342 3650 Philosophia,

575 3667 737 3752 Principio
749 3668 843 3753 cujus
857 3680 979 3731 constat
997 3664 1099 3730 inesse
1114 3666 1220 3731 fidem.
1373 3671 1438 3730 310

488 3766 587 3833 Plena
601 3768 803 3834 sacramentis
818 3770 970 3833 virtutem
986 3766 1091 3853 gignit
1106 3766 1229 3854 alitque

572 3866 693 3931 Christi
710 3890 786 3931 vera
799 3869 890 3947 fides,
904 3883 997 3935 octus
1014 3882 1184 3956 utramque
1198 3871 1312 3956 probat
1326 3896 1335 3943 ;

486 3970 621 4057 Absque
636 3972 839 4034 sacramentis
855 3994 916 4035 non
934 3985 980 4036 est
997 3971 1065 4035 haec
1082 3996 1166 4050 vera,
1181 3995 1238 4036 nee
1254 3972 1308 4036 illa

573 4070 752 4150 Sufficiunt,
767 4071 827 4135 nisi
843 4072 884 4137 sit
898 4072 940 4137 ad
956 4072 1040 4137 bona
1055 4086 1204 4159 prompta
1220 4096 1343 4147 manus,

484 4172 534 4239 hd
547 4174 630 4237 bono
640 4188 790 4259 prompta
800 4194 923 4247 monus,
936 4173 961 4235 si
976 4188 1101 4259 tempus
1113 4174 1218 4253 detur,
1229 4172 1357 4253 adultn;
1374 4184 1437 4241 313

573 4274 694 4338 Umbra
709 4274 796 4339 iuvet
812 4296 939 4360 pueros,
954 4274 1158 4363 ecclesiaeque
1174 4276 1261 4341 lides.

484 4378 586 4439 Omne
600 4376 802 4441 sacramentis
820 4396 980 4439 summurn
997 4372 1149 4460 dependit
1166 4377 1319 4443 honorem
