3625 5317
480 794 541 854 186
735 804 873 851 rossam
888 802 1171 851 smmnnmusrs
1286 786 1372 865 [nm.
1387 806 1430 850 rr.

474 956 604 1043 quidem
620 976 765 1042 saporem
778 957 943 1041 appetitus
964 954 1074 1039 potius
1086 953 1251 1038 exprimit,
1265 976 1365 1039 quam
1380 977 1431 1018 ιι

472 1056 635 1144 pientiam,
650 1080 725 1143 qum
740 1058 772 1121 in
787 1056 968 1121 divinornm
990 1054 1258 1142 contemplatione
1270 1056 1428 1121 madreia

477 1158 538 1223 llla
552 1158 648 1233 enim,
662 1180 725 1221 non
742 1157 924 1229 Pbronesis,
941 1156 996 1220 sed
1011 1154 1104 1229 coola
1115 1153 1310 1240 appellatur.

812 1326 892 1411 Cap.
907 1327 961 1390 30.
986 1327 1087 1391 Idem,

517 1451 648 1515 Hauou
664 1472 740 1514 vero
761 1448 936 1535 philologia
957 1448 1062 1534 prima
1076 1464 1137 1524 est,
1151 1464 1186 1511 et
1199 1470 1276 1534 que
1288 1448 1426 1513 aliarum

472 1564 632 1629 naturum,
641 1550 718 1629 rim,
727 1560 761 1613 et
775 1549 906 1615 consilia
916 1550 1056 1614 indicet:
1080 1549 1240 1635 siquidem
1250 1572 1353 1634 quum
1366 1573 1425 1614 un-

471 1652 570 1740 dique
585 1650 762 1738 probabilia
775 1650 877 1715 multa
887 1664 1058 1713 occurrant
1073 1650 1180 1735 (quia,
1192 1663 1229 1713 ut
1241 1654 1288 1715 ait
1303 1651 1428 1735 Pythe-

471 1776 576 1841 goraa,
589 1752 652 1817 lere
667 1752 708 1817 de
722 1752 807 1816 omni
824 1774 857 1815 re
871 1765 977 1838 potest
991 1754 1025 1816 in
1040 1752 1235 1815 contrarium
1251 1750 1426 1835 disputari)

472 1878 577 1921 rerum
601 1852 822 1921 certitudinem
846 1854 975 1940 quaerit,
997 1865 1029 1916 et
1054 1852 1203 1937 diligenti
1225 1852 1355 1917 cautela
1375 1853 1429 1916 de-

472 1956 570 2021 clinat
594 1977 732 2033 errores;
770 1968 801 2019 et
824 1954 907 2019 sicut
930 1957 1041 2018 virtus
1060 1962 1108 2019 cet
1130 1958 1244 2018 citium
1255 1956 1378 2037 figere
1397 1963 1429 2019 ιι

471 2059 633 2140 capanea
654 2060 775 2139 primo,
798 2055 942 2119 stubbio
964 2056 1121 2133 caruisse,
1143 2054 1190 2117 sic
1210 2076 1286 2140 qum
1307 2076 1427 2139 prasea-

472 2168 560 2221 veret
580 2175 716 2219 errorem
741 2154 797 2219 bas
819 2178 894 2240 qum
916 2157 1052 2221 virtutes
1073 2156 1212 2220 afferunt
1236 2156 1426 2220 naturaliter

472 2254 648 2321 antecedit:
682 2270 714 2319 et
741 2268 778 2319 ut
804 2254 954 2335 Junonis,
975 2269 1044 2331 aut,
1072 2274 1109 2320 ut
1134 2256 1254 2319 rectius
1279 2256 1427 2335 dixerim,

472 2354 624 2423 Murtiani
636 2355 733 2420 rerba
747 2369 919 2441 ponantur,
930 2377 972 2419 an
987 2357 1158 2441 quisquam
1169 2370 1230 2431 est,
1242 2357 1301 2441 qui
1317 2356 1426 2420 Philo-

471 2454 566 2541 logias
578 2478 610 2521 te
621 2468 739 2521 asserat
756 2455 939 2539 praevilegiis
952 2456 1107 2535 laborata,
1118 2470 1151 2522 et
1165 2458 1425 2521 lucubrationum

471 2556 639 2644 premium
669 2556 788 2621 nescire
818 2556 988 2634 Pallorem,
1014 2581 1089 2643 quae
1116 2560 1212 2623 etiam
1243 2556 1333 2622 Deos
1357 2559 1428 2644 qui-

473 2670 612 2725 escentes
626 2658 668 2723 ad
684 2681 717 2725 se
732 2656 839 2723 venire
855 2658 1000 2724 inaudita
1013 2661 1230 2725 obsecratione
1243 2660 1423 2746 compellit:

473 2773 506 2825 et
527 2762 626 2847 paulo
646 2782 743 2849 supra
765 2758 903 2841 Coelum,
919 2773 1047 2838 terrum,
1063 2783 1160 2841 mare,
1174 2776 1207 2826 et
1229 2782 1305 2845 quae
1326 2760 1359 2823 in
1381 2758 1427 2822 eis

477 2877 562 2939 eunt,
579 2862 682 2949 prima
698 2873 878 2927 scrutatur:
903 2884 989 2948 quae,

542 2996 659 3065 Perrlgll
669 2997 695 3049 ln
707 2996 808 3049 modico
819 2998 959 3067 penetrans
971 3009 1065 3045 maana
1075 2990 1175 3055 labore,

540 3080 609 3143 Qua
620 3082 688 3151 potis
700 3086 742 3133 ert
752 3080 828 3133 docta
840 3084 925 3131 totum
935 3084 1088 3149 prevertere
1100 3093 1163 3127 cura

540 3165 619 3228 Quod
630 3164 728 3235 ruperis
740 3165 861 3235 praescire
873 3164 962 3216 datum
974 3167 1021 3215 est.
1059 3161 1131 3223 Quin
1143 3160 1258 3213 crebrius
1269 3162 1296 3213 ia
1308 3178 1357 3213 nur

540 3246 589 3301 Jue
600 3247 681 3299 babet
691 3246 745 3309 illa,
759 3248 831 3300 Deos
843 3265 940 3313 urgens
952 3250 1052 3320 injussa
1063 3251 1174 3315 coactos,

541 3331 576 3383 Et
589 3330 656 3399 quod
669 3330 739 3383 nulla
751 3340 829 3401 queat
842 3348 962 3401 superum
973 3340 1075 3385 tentore
1088 3337 1204 3401 potestas

542 3414 629 3469 Inrita
641 3416 690 3468 scit
701 3432 775 3487 posse
787 3416 872 3469 Jovu.

514 3532 678 3621 Siquidem
695 3547 732 3600 ut
747 3534 791 3600 ait
806 3533 898 3612 alius,
914 3557 977 3599 non
991 3536 1123 3601 inferior
1139 3538 1314 3619 Martiano,

735 3668 821 3723 babor
832 3670 964 3740 improbus
975 3670 1062 3722 omnia
1072 3670 1161 3722 vineit.

469 3786 590 3869 Liquet
604 3796 710 3849 autem
727 3808 765 3849 ex
781 3783 1037 3872 praecedentibus
1048 3786 1088 3849 ad
1104 3786 1176 3864 boc,
1189 3801 1225 3852 ut
1241 3810 1351 3853 sensus
1366 3786 1418 3866 sit,

470 3885 563 3972 plura
583 3907 787 3949 concurrere:
822 3900 858 3951 ut
881 3886 945 3949 sint
965 3888 1106 3951 exterius
1127 3888 1367 3969 offendiculum,
1388 3888 1420 3951 in

469 4008 564 4073 quem
588 3986 736 4070 impingit
758 3986 899 4071 spiritus,
922 3987 1065 4052 minister
1088 3988 1256 4064 sentiendi,
1271 3989 1422 4075 idemque

469 4086 601 4175 spiritus
616 4086 672 4171 qui
696 4087 862 4169 exterioris
882 4086 1040 4153 obstaculi
1063 4090 1251 4174 qualitatem
1274 4090 1315 4153 ad
1338 4090 1422 4153 noti·

468 4188 544 4253 tiam
560 4189 672 4253 animae
689 4186 819 4272 profert.
866 4192 913 4254 Ut
927 4188 989 4253 sint
1010 4192 1082 4269 triu,
1098 4190 1205 4254 anima
1224 4214 1300 4276 quoe
1314 4190 1422 4267 sentit,

468 4288 609 4375 spiritus,
621 4312 687 4376 quo
702 4288 809 4365 sentit,
822 4302 853 4354 et
865 4289 1104 4366 offendiculum,
1118 4291 1206 4377 quod
1219 4293 1419 4356 extrinsecus

467 4392 572 4457 sentit.
621 4392 689 4468 His,
710 4404 745 4456 ut
767 4388 956 4476 praedictum
977 4392 1207 4471 est‚excitatur
1230 4392 1277 4455 vis
1299 4390 1419 4455 delibe-
