3625 5317
475 816 540 875 278
733 826 870 871 scaurus
886 825 1164 870 sannsnnnrmrsrs

563 982 608 1043 Et
622 992 727 1041 tamen
744 978 869 1040 illorum
887 977 1048 1039 maximus
1063 978 1126 1039 huc
1145 978 1248 1041 minor
1262 989 1322 1039 est.
1381 1062 1385 1067 .

476 1082 541 1144 Hic
558 1081 784 1162 scripturarum
801 1079 874 1140 fons
890 1090 985 1140 estet
1001 1078 1091 1159 origo
1106 1080 1242 1161 piarum,

563 1178 634 1255 Quo
650 1178 691 1241 dc
706 1179 868 1261 principio
883 1180 1003 1261 pagina
1018 1199 1111 1240 saera
1125 1179 1224 1253 venit,
1348 1182 1429 1239 1210

475 1282 561 1343 Fons
576 1281 658 1354 eliis,
673 1277 744 1341 aliis
759 1290 906 1359 stagnum
923 1290 1081 1359 puteusrc
1096 1278 1276 1361 profundus
1285 1302 1295 1355 ;

564 1378 645 1441 Inde
660 1379 745 1441 sitim
761 1378 927 1461 reprimas,
942 1378 1059 1440 crescit
1073 1388 1106 1439 et
1119 1378 1196 1439 inde
1211 1380 1299 1454 sitis3

477 1479 573 1552 Quod
589 1480 666 1541 satis
680 1490 739 1554 cst,
754 1488 890 1562 possunt
906 1497 1019 1539 ornnes
1033 1476 1172 1551 haurire,
1187 1478 1244 1541 sed
1260 1479 1366 1563 ipsum

564 1580 726 1643 Exhaurit
741 1581 836 1662 plane
852 1598 946 1641 nemo
962 1580 1012 1640 vei
1028 1579 1199 1641 imminuit.

690 1680 741 1741 Dc
759 1680 911 1740 Cicerone
925 1686 957 1739 ct
970 1678 1119 1758 cloymute
1133 1682 1212 1757 cpite.

476 1782 571 1844 Orbis
586 1781 631 1843 nil
646 1780 760 1842 habuit
774 1780 876 1865 majus
892 1778 1050 1842 Cicerone
1066 1779 1213 1857 Latinus,
1345 1782 1426 1840 talu

563 1880 665 1963 Cujus
680 1880 721 1942 ad
737 1880 897 1962 eloquium
913 1880 1042 1942 Graecia
1057 1890 1146 1942 muta
1159 1881 1241 1955 fuit3

477 1982 636 2044 Omnibus
651 1982 737 2043 hunc
754 1980 879 2043 Graecis
894 1980 1032 2062 opponit
1046 1981 1153 2042 Roma
1167 1982 1216 2042 vel
1232 1980 1333 2055 effert,

565 2082 629 2146 Sed
647 2096 752 2145 tamen
768 2081 821 2143 hic
838 2080 973 2143 dubium
988 2080 1105 2161 dogma
1119 2082 1257 2164 probare
1272 2083 1362 2143 solet

475 2184 618 2246 Transiit
631 2184 695 2245 buc
711 2181 852 2256 tandem,
868 2203 968 2264 quum
984 2202 1019 2245 se
1033 2192 1147 2245 natura
1161 2180 1292 2244 deorum

564 2288 712 2365 Augeret,
724 2296 759 2345 ut
776 2285 915 2360 dubitet,
926 2284 1004 2367 qnid
1018 2296 1112 2367 putet
1125 2306 1196 2348 esse
1208 2285 1327 2357 Deum,
1348 2288 1429 2346 lato

477 2385 622 2456 Qualiter
636 2384 757 2445 arbitrii
773 2383 903 2446 libertas
918 2405 1062 2448 consona
1075 2385 1141 2447 sato

564 2482 691 2558 Exstat,
706 2502 781 2545 nam
796 2483 895 2545 fatum
911 2484 938 2545 si
953 2494 1070 2557 manet,
1085 2483 1141 2545 iiia
1155 2484 1255 2566 perit3

482 2584 528 2648 Ut
542 2585 603 2648 sibi
619 2582 815 2647 conveniant
829 2603 924 2646 casus
939 2586 1102 2666 fatumque
1117 2604 1312 2667 repugnans,

565 2686 687 2759 Nescit,
704 2686 746 2746 ob
762 2685 823 2747 hoc
841 2695 929 2748 vetes
943 2706 1000 2748 ora
1014 2696 1121 2747 tenere
1136 2696 1254 2748 monet.

478 2786 563 2849 Nam
580 2805 680 2867 genus
694 2783 869 2847 humanum
884 2786 1001 2866 premit
1014 2784 1194 2865 ignorantia
1208 2784 1284 2862 veri,
1346 2787 1427 2846 tntu

564 2886 634 2948 Nec
651 2884 728 2946 sinit
741 2883 775 2945 in
792 2884 877 2945 claro
893 2904 1024 2945 cernere
1039 2904 1115 2946 vera
1128 2883 1193 2959 die,

477 2987 558 3057 Qun
573 2985 599 3047 si
615 2985 696 3047 forte
711 2992 832 3065 patent,
848 2984 985 3045 obscura
998 2984 1086 3045 nube
1103 2982 1252 3045 videntur

564 3083 636 3145 Nec
650 3082 723 3145 falsi
737 3083 832 3163 plene
848 3080 1033 3163 suspicione
1049 3094 1166 3145 carent

478 3183 567 3248 Scire
585 3182 693 3245 Deum
709 3182 811 3243 solum
827 3182 929 3245 credit
941 3192 1085 3258 ventura,
1100 3180 1159 3245 sed
1171 3183 1290 3264 ipsum,

563 3281 650 3354 Quid
662 3292 787 3356 statuat,
798 3283 913 3359 nescit,
924 3282 982 3345 sed
991 3296 1097 3346 tamen
1110 3303 1181 3346 esse
1191 3285 1318 3365 probat.
1346 3286 1428 3347 12³0

478 3383 554 3446 Non
571 3400 689 3461 corpus
704 3389 798 3463 putat
812 3400 883 3443 esse
899 3382 1018 3460 Deum,
1033 3381 1091 3445 sed
1105 3400 1240 3464 corpore
1254 3383 1367 3466 majus,

563 3480 658 3553 Quod
672 3500 732 3544 nec
747 3480 843 3542 homo
859 3502 967 3559 sensu,
981 3503 1042 3545 nec
1057 3503 1133 3547 caro
1148 3484 1242 3545 bmta
1255 3482 1352 3565 cupit.

480 3582 573 3657 erod
591 3600 644 3644 rer
666 3598 828 3664 corporeis
850 3598 957 3658 semu,
980 3583 1107 3645 ratione
1128 3600 1202 3644 vero
1223 3580 1430 3661 comprehen-

761 3682 893 3756 ,duntur
907 3684 1137 3763 incorporalia.

478 3784 564 3847 Solis
579 3784 740 3865 corporeis
755 3802 868 3847 sensus
883 3786 1020 3847 carnalis
1034 3784 1178 3859 inhaeret,

564 3880 631 3943 Res
645 3881 842 3962 incorporem
858 3881 918 3943 sub
933 3882 1055 3944 ratione
1064 3883 1187 3966 jacent.

482 3981 579 4045 illum
595 3981 664 4044 sola
679 3978 761 4042 fides
777 3981 864 4063 capit
878 3992 912 4044 et
926 3981 1059 4045 dilectio
1073 4004 1160 4060 vers,
1348 3986 1430 4044 1235

566 4082 786 4162 Naturamque
802 4082 893 4163 sequi
908 4084 1015 4146 cultus
1029 4103 1183 4167 amorque
1200 4084 1263 4147 Dei
1279 4094 1339 4158 est,

478 4184 633 4265 Quisquis
647 4180 732 4245 enim
748 4181 863 4261 satagit
877 4182 1008 4245 rationis
1017 4184 1091 4267 jura
1107 4186 1197 4261 tueri,

567 4287 720 4349 Naturam
736 4283 890 4365 sequitur,
906 4286 1001 4347 servit
1015 4298 1164 4370 amatque
1181 4288 1299 4350 Deum.

479 4387 539 4449 Ille
553 4396 660 4449 tamen
676 4384 780 4448 cultus
795 4402 859 4446 non
877 4394 926 4446 est
940 4386 1060 4448 servitis
1077 4386 1255 4465 habendus,
