3625 5317
425 820 496 865 oar.
513 802 624 881 xvim]
779 820 1021 867 uarsnoorcos.
1330 812 1372 867 tr

423 970 456 1033 in
486 982 595 1035 nostro
630 982 759 1036 utamur
793 970 930 1059 eloquio,
960 993 1022 1035 non
1058 971 1285 1048 barbarismus,
1316 973 1371 1037 sed

424 1070 640 1136 barbarolexis
659 1085 716 1137 est.
761 1074 1093 1140 Summuranum
1118 1082 1178 1151 est,
1200 1075 1373 1159 conopes

422 1175 635 1257 mquidem
654 1176 813 1252 dictionis,
834 1174 888 1239 sed
906 1178 1169 1242 eommunis.-
1191 1199 1293 1262 quum
1313 1178 1369 1243 ad-

424 1296 533 1339 versus
553 1274 654 1361 legem
674 1276 889 1355 construendi,
910 1277 1162 1363 incompetenter
1180 1277 1279 1343 rerba
1295 1278 1372 1364 jun·

421 1390 550 1461 gratur.
596 1376 652 1442 Fit
666 1388 772 1443 autem
794 1376 981 1465 dupliciter:
1004 1391 1061 1445 out
1076 1401 1134 1465 per
1147 1392 1256 1467 partes
1269 1379 1371 1466 ipsius

421 1478 583 1560 orationis,
608 1491 665 1543 aut
694 1500 752 1564 per
778 1478 955 1545 accidentia
976 1479 1127 1565 partium.
1176 1482 1239 1545 Per
1263 1492 1371 1566 partes

422 1578 563 1664 quidem,
585 1593 621 1644 ut
643 1580 668 1645 si
691 1584 828 1647 altem
850 1584 924 1663 quie
940 1594 1051 1666 ponat,
1074 1602 1132 1666 pro
1149 1584 1264 1657 alteru,
1277 1594 1370 1667 puta,

421 1680 678 1765 propositionem
699 1702 759 1765 pro
778 1680 947 1754 adverbio,
973 1680 1021 1744 vel
1036 1693 1194 1745 econtra:
1218 1693 1276 1746 aut
1290 1681 1317 1746 si
1336 1681 1369 1745 iu

420 1780 533 1845 eadem
549 1794 650 1864 parte,
665 1801 766 1863 genus
786 1802 888 1845 uuum
908 1781 1078 1845 verborum
1101 1780 1173 1867 quis
1192 1803 1253 1868 pro
1270 1781 1372 1847 altero

421 1895 532 1968 ponat,
546 1896 637 1969 puta,
650 1882 797 1949 secundm
809 1882 1012 1961 inventionis,
1022 1906 1083 1971 pro
1096 1904 1144 1964 eo,
1156 1882 1244 1968 quod
1259 1886 1371 1971 primes

420 2008 488 2051 esse
515 1986 668 2072 oportuit.
720 1988 783 2051 Per
807 1985 987 2051 accidentia
1011 2008 1098 2067 vero,
1122 1999 1158 2052 ut
1183 2009 1242 2073 per
1270 1986 1371 2075 quali·

420 2098 513 2166 tates,
535 2110 663 2173 genera,
686 2110 788 2167 ossus,
811 2108 973 2168 nnmenos,
991 2101 1024 2153 et
1042 2089 1172 2173 figuras.
1218 2089 1371 2156 Similiter

420 2202 452 2255 et
478 2188 510 2253 in
536 2201 638 2254 metro
663 2192 890 2276 metaplasmus
915 2189 1085 2274 reperitur,
1108 2190 1163 2277 qui
1188 2189 1226 2256 fit
1250 2190 1282 2254 in
1306 2214 1370 2257 uno

421 2293 519 2357 verbo
543 2291 688 2357 licentius
711 2304 845 2379 urgente
871 2291 964 2357 metri
984 2295 1065 2375 lege,
1091 2292 1174 2358 sicut
1197 2304 1230 2357 et
1256 2292 1371 2357 barba·

422 2394 544 2473 rismus,
559 2394 650 2459 unius
665 2394 814 2460 dictionis
829 2408 875 2459 est
891 2394 924 2458 in
945 2393 1050 2461 soluto
1063 2394 1198 2481 eloquio.
1241 2394 1370 2459 Dicitur

420 2510 526 2561 autem
548 2500 786 2581 metaplasmus,
809 2496 900 2584 quasi
924 2496 1172 2573 transformatio,
1192 2494 1244 2561 val
1265 2495 1371 2561 defor-

420 2598 530 2675 matio,
554 2621 591 2661 eo
617 2598 702 2684 quod
727 2597 816 2683 quasi
842 2620 862 2661 a
886 2598 961 2683 jure
987 2621 1044 2663 suo
1070 2596 1240 2662 dictionem
1267 2609 1368 2663 traus-

418 2699 547 2777 format,
572 2711 629 2765 ant
654 2698 822 2764 deformat.
877 2698 960 2763 Sunt
985 2700 1063 2764 item
1090 2698 1269 2775 Schemate,
1296 2722 1369 2784 quae

407 2804 531 2885 figure
558 2802 818 2886 interpretantur,
841 2800 873 2863 iu
901 2800 1019 2876 verbis,
1045 2810 1101 2863 aut
1126 2799 1160 2861 in
1185 2797 1367 2863 sententiis:

420 2902 564 2989 fiuntque
592 2924 651 2989 per
679 2900 781 2965 varias
815 2898 991 2964 dictionum
1021 2899 1151 2973 formes,
1181 2900 1226 2961 ad
1253 2901 1369 2981 eloquii

418 3011 628 3068 venustatem.
664 3005 755 3083 Ergo
771 3002 1012 3074 Borborismus,
1028 3012 1061 3063 et
1076 3000 1324 3081 Metuploemus,
1335 3001 1369 3065 in

417 3103 526 3168 verbis
541 3100 673 3186 singulis
688 3099 991 3186 deprehenduntur;
1015 3102 1223 3177 soloecismus,
1236 3110 1270 3164 et
1283 3100 1370 3166 sche-

418 3218 518 3281 mata,
542 3225 604 3268 uon
629 3202 659 3266 in
684 3200 829 3288 singulis,
852 3199 906 3265 sed
928 3203 962 3266 in
983 3199 1124 3288 plurium
1147 3201 1368 3287 conjunctione

417 3308 509 3373 fluat.
554 3306 658 3383 Quum
680 3316 786 3370 autem
808 3305 869 3367 tria
889 3305 964 3383 sint,
976 3325 1039 3381 ars,
1054 3302 1181 3382 vitium,
1195 3315 1228 3369 et
1242 3302 1365 3390 figura:

417 3409 563 3472 notitiam
575 3406 771 3491 singulorum
783 3426 910 3470 necesse
924 3418 974 3470 est
986 3404 1104 3470 babere
1113 3408 1366 3490 grammaticum.

416 3509 566 3595 Alioquin
590 3530 647 3573 nec
668 3521 737 3572 arte
759 3509 893 3585 muniri,
913 3528 971 3570 uec
986 3505 1101 3571 vitium
1121 3504 1291 3585 declinere,
1309 3528 1367 3571 uec

417 3618 595 3675 venustates
614 3620 779 3673 auctorum
799 3606 892 3671 facile
912 3607 1033 3693 poterit
1053 3605 1183 3669 imitari.
1229 3606 1366 3683 Quodsi

416 3734 523 3775 eorum
550 3710 692 3793 ignarus,
718 3720 804 3773 recte
830 3706 954 3783 scribit,
980 3719 1036 3771 aut
1062 3703 1217 3790 loquitur,
1242 3707 1367 3792 peritias

415 3812 483 3897 ejus
505 3814 748 3875 adscribendum
771 3822 914 3883 nonest,
935 3830 974 3873 eo
995 3806 1083 3893 quod
1106 3828 1196 3873 casus
1215 3808 1282 3891 egit
1302 3813 1366 3873 oir-

416 3918 495 3978 tutis
509 3936 599 3999 opus.
643 3918 705 3977 Ars
719 3912 826 3997 itaque
846 3922 894 3974 est
916 3913 1011 3993 quusi
1024 3916 1130 3974 struto
1141 3912 1287 3992 postica,
1302 3934 1367 3995 qua

415 4018 473 4093 ire,
487 4014 659 4094 ambulare,
673 4028 704 4077 et
727 4034 830 4098 agere,
845 4011 912 4075 sine
927 4008 1096 4085 caltrmnia,
1111 4022 1143 4073 et
1163 4010 1367 4075 concussione

417 4115 564 4181 omnibus
585 4116 641 4201 jus
667 4128 725 4177 est.
771 4112 891 4177 Vitium
914 4125 963 4176 est
989 4109 1137 4175 omnibus
1161 4110 1303 4186 devium,
1328 4123 1365 4174 ut

416 4216 471 4300 qui
501 4215 532 4279 in
563 4238 601 4279 eo
625 4214 697 4289 iter,
724 4222 869 4277 ortumve
899 4222 1038 4289 exercet,
1065 4217 1126 4273 aut
1151 4209 1364 4293 precipitium

416 4314 541 4391 subeat,
560 4324 617 4378 aut
638 4312 825 4377 calumniam
849 4325 882 4375 et
903 4311 1141 4374 concussionem
1163 4303 1366 4388 interpellau-

414 4412 494 4479 tium
510 4418 662 4498 patiatur.
694 4414 817 4499 Figura
832 4434 918 4489 vero,
933 4408 1074 4473 medinm
1090 4418 1176 4471 tenet
1191 4405 1309 4467 locum:
1332 4418 1364 4469 et
