3625 5317
455 779 518 840 878
698 786 1135 834 Juauurssaussauurnusrs

455 943 633 1028 exprimere
662 941 810 1006 videntur
837 941 871 1004 in
901 939 1053 1024 passione
1082 937 1260 1002 dicentem:
1294 938 1328 1002 Si
1356 961 1408 1002 me

455 1043 609 1129 quaeritis,
624 1043 718 1107 sinite
733 1042 795 1104 hos
809 1039 919 1104 abire?

498 1146 561 1209 His
574 1144 680 1221 dietis,
693 1140 806 1206 ridens
820 1142 989 1206 camilices
1003 1140 1128 1205 eductis
1149 1141 1275 1224 gladiis,
1291 1142 1324 1204 in
1340 1163 1406 1206 mo·

454 1245 530 1310 dum
559 1245 681 1308 orantis
706 1243 874 1306 inclinavit
899 1253 1007 1326 caput,
1033 1243 1103 1306 haec
1131 1244 1306 1306 norissima
1334 1265 1407 1328 pro-

453 1346 558 1410 fereus
569 1347 682 1409 rerba:
705 1344 726 1376 “
742 1339 816 1406 Deo
837 1354 871 1406 et
884 1345 987 1406 beatae
1003 1343 1116 1406 Mariae
1132 1355 1163 1407 et
1178 1343 1298 1405 sanctis
1312 1341 1408 1425 hujus

454 1446 602 1512 ecelesiae
625 1445 781 1529 patronis,
802 1455 836 1507 et
850 1445 955 1514 beato
981 1443 1110 1525 martyri
1137 1443 1297 1526 Dionysio
1321 1465 1406 1506 com·

454 1547 574 1611 mendo
588 1567 640 1610 me
654 1547 760 1630 ipsum
776 1556 808 1608 et
821 1544 969 1609 ecetesiae
985 1565 1126 1608 causam.

497 1650 624 1714 Cretera
644 1649 717 1732 quis
734 1649 804 1710 sine
826 1646 982 1728 suspiriis,
1001 1645 1195 1726 singultibus
1215 1655 1247 1708 et
1265 1645 1407 1710 lacrimis

454 1748 591 1814 reserat?
634 1749 769 1830 Singula
787 1747 938 1831 prosequi
959 1747 1062 1830 pietas
1083 1767 1148 1809 nou
1168 1746 1407 1830 permittitque

454 1852 623 1916 carnifices
637 1849 858 1915 immanissimi
882 1849 946 1912 Dei
961 1849 1074 1910 timore
1092 1859 1277 1932 contempto
1292 1859 1325 1912 ct
1344 1861 1406 1912 tam

455 1951 529 2018 fidei
551 1974 648 2036 quam
668 1953 768 2016 totius
788 1950 998 2014 humanitatis
1021 1951 1223 2013 immemores
1240 1951 1407 2013 commise-

453 2065 536 2118 runt
581 2057 657 2118 Non
679 2055 767 2117 enim
789 2049 915 2117 suffecit
935 2052 975 2114 iis
997 2053 1152 2133 sauguine
1178 2053 1353 2116 sacerdotis
1378 2067 1409 2118 ct

454 2179 534 2221 nece
554 2156 721 2240 profanare
744 2156 912 2219 ecclesiam
936 2163 968 2217 et
988 2153 1074 2216 diem
1096 2154 1342 2218 sacratissimum
1362 2158 1408 2218 iu-

454 2271 587 2333 cestare‚
612 2255 675 2320 nisi
700 2278 821 2320 corona
845 2255 971 2339 capitis,
996 2276 1093 2338 quam
1124 2256 1204 2318 sacri
1229 2257 1408 2320 chrismatis

454 2361 565 2424 unctio
580 2361 655 2422 Deo
671 2358 840 2436 dicaverat,
855 2363 1032 2440 amputata,
1046 2357 1132 2440 quod
1147 2367 1180 2420 et
1199 2357 1289 2421 dictu
1307 2358 1406 2421 horri-

452 2456 519 2522 bite
533 2470 593 2532 est,
608 2459 745 2522 funestis
760 2458 877 2537 gladiis
894 2459 965 2541 jam
989 2459 1131 2522 defuncti
1150 2459 1304 2543 ejicerent
1323 2481 1408 2523 cere-

452 2561 544 2623 brum
560 2570 593 2623 et
605 2579 662 2642 per
676 2558 895 2640 pavimentum
916 2579 990 2621 cum
1011 2579 1121 2622 cruore
1141 2572 1174 2621 et
1196 2557 1323 2623 ossibus
1338 2581 1406 2622 cru-

454 2662 616 2726 delissime
631 2666 828 2743 spargerent,
842 2659 1046 2724 immaniores
1067 2659 1187 2722 Christi
1207 2660 1407 2724 crucifixori-

453 2765 515 2826 bus
530 2762 588 2846 qui
601 2761 670 2847 ejus
683 2781 787 2837 eruar,
802 2746 904 2844 quem*
913 2761 1015 2824 obiise
1031 2758 1185 2838 videraut,
1200 2761 1283 2824 sicut
1302 2759 1406 2826 adhuc

453 2863 639 2940 virentium,
661 2883 724 2924 nou
747 2871 941 2924 censuerunt
962 2881 1033 2923 esse
1056 2861 1239 2942 frangenda
1287 2858 1352 2925 Sed
1375 2863 1406 2924 in

452 2966 506 3028 lris
518 2964 668 3028 omuibus
687 2961 894 3040 cruciatibus,
907 2961 1020 3024 invicti
1042 2961 1142 3024 animi
1163 2973 1196 3025 et
1214 2961 1406 3026 admirande

454 3067 644 3130 constantias
658 3075 787 3146 martyr,
800 3085 861 3127 uec
883 3065 1013 3126 verbum
1033 3064 1084 3127 vel
1103 3065 1271 3128 clamorem
1292 3065 1408 3144 emisit,

453 3187 519 3228 non
535 3163 636 3227 edidit
650 3165 814 3245 gemitum,
829 3184 888 3228 uec
905 3164 1070 3228 brachium
1092 3177 1146 3228 aut
1167 3177 1286 3228 restem
1306 3187 1407 3250 oppo-

453 3265 518 3328 suit
538 3263 673 3338 serieuti,
695 3263 753 3326 sed
776 3275 885 3347 caput,
905 3263 992 3348 quod
1008 3263 1197 3327 inclinatum
1221 3264 1336 3344 gladiis
1351 3287 1408 3328 ex·

452 3373 615 3448 posuerat,
644 3357 746 3426 donce
777 3377 1055 3428 consummaretur
1078 3366 1207 3429 tenebat
1229 3366 1408 3432 immobile.

452 3464 602 3549 Denique
616 3464 650 3526 in
670 3471 783 3527 terram
805 3465 978 3547 procidens
999 3478 1085 3530 recto
1108 3486 1251 3552 corpure,
1265 3487 1331 3529 non
1350 3488 1406 3551 pe·

452 3568 526 3633 dem
552 3567 652 3632 morit
677 3579 732 3632 aut
755 3585 885 3630 manum
911 3567 1032 3632 sicariis
1060 3569 1286 3632 insultantibus
1312 3591 1347 3632 se
1372 3571 1405 3632 iu

451 3681 558 3750 strage
572 3668 743 3752 proditoris
753 3690 867 3752 pacem
879 3669 992 3753 patrie
1003 3666 1194 3752 prodidisse.
1232 3667 1406 3735 Camiiiccs

451 3779 556 3832 autem
571 3789 639 3830 uon
653 3771 760 3832 minus
775 3770 885 3853 cupidi
902 3793 999 3854 quam
1019 3771 1175 3850 crudeles,
1190 3771 1265 3834 inde
1286 3785 1350 3836 tam
1370 3773 1403 3836 iu

451 3869 548 3952 regiae
562 3870 730 3950 potestatis
745 3891 840 3952 quam
862 3872 980 3934 divinae
1001 3872 1175 3958 majestatis
1194 3871 1342 3956 injuriam
1364 3874 1406 3936 ad

450 3970 598 4036 ecclesie
614 3968 766 4052 palatium
779 3969 960 4050 redeuntes,
972 3974 1152 4036 universam
1164 3969 1406 4057 supellectilem,

451 4086 484 4136 et
506 4071 661 4156 quicquid
684 4072 719 4134 in
741 4072 865 4135 scriniis
886 4083 942 4136 aut
964 4074 1093 4138 clitellis
1115 4069 1352 4157 archiepiscopi
1374 4087 1407 4138 et

451 4195 578 4236 suorum
601 4173 707 4255 putuit
725 4172 872 4245 inveniri,
888 4173 956 4237 sire
979 4175 1013 4238 iu
1034 4193 1110 4238 auro
1125 4175 1192 4238 sire
1215 4177 1249 4238 in
1264 4187 1406 4254 argento,

450 4286 505 4338 aot
535 4275 675 4339 vestibus
704 4287 759 4340 aut
788 4275 879 4338 variis
907 4277 1113 4354 ornamentis,
1137 4288 1193 4340 aut
1224 4274 1315 4340 libris
1351 4289 1405 4340 aut

449 4375 625 4462 privilegiis
639 4388 694 4440 aut
709 4378 779 4440 aliis
794 4377 1036 4460 quibuscunque
1059 4377 1185 4460 scriptis
1206 4389 1261 4441 aut
1280 4378 1402 4460 equita·
