3625 5317
384 832 472 879 sacr.
491 814 551 895 tn]
685 831 728 875 oa
744 830 874 877 ssrrnu
891 832 1060 877 sarranis.
1268 818 1332 877 217

381 985 519 1049 absentia
540 997 572 1048 et
595 983 684 1058 visre,
706 1005 781 1069 quae
802 1006 840 1047 ex
863 984 1006 1047 sensibus
1019 983 1133 1064 oritur,
1154 998 1240 1049 etex
1258 988 1329 1051 risu

380 1085 552 1170 praecipue.
597 1086 716 1150 Sensus
726 1108 800 1170 quoe
811 1083 1121 1170 auntdeprebendit;
1145 1085 1330 1172 imaginatio

381 1208 456 1250 vero
472 1200 634 1273 quaesunt
649 1200 681 1249 et
697 1208 770 1270 quer
786 1206 848 1249 non
865 1200 940 1250 sunt
955 1186 1100 1273 percipit.
1146 1191 1330 1255 Necessaria

379 1301 427 1352 est
439 1289 626 1373 imaginatio
635 1286 767 1359 homini,
779 1308 818 1349 ne
830 1309 895 1350 rem
908 1286 1015 1351 tradat
1025 1287 1186 1353 oblivioni.
1211 1291 1331 1376 Opinio

378 1411 453 1453 vero
468 1388 662 1475 quandoque
678 1410 717 1451 ex
733 1409 837 1466 sensu,
848 1388 1042 1474 quandoque
1052 1412 1092 1452 ex
1103 1390 1329 1476 imaginatione

377 1490 492 1557 oritur.
538 1492 644 1568 Quum
674 1489 756 1552 enirn
788 1490 893 1553 anima
923 1490 1010 1553 visus
1038 1491 1250 1558 instrumento
1278 1498 1330 1560 vel

377 1590 603 1677 imaginatione
614 1601 736 1665 utatur,
751 1600 782 1653 et
795 1602 888 1672 putet
899 1610 963 1653 rem
979 1603 1010 1652 et
1022 1588 1122 1665 aliud,
1132 1604 1164 1655 et
1179 1590 1281 1669 aliter,
1297 1608 1329 1659 et

378 1693 441 1757 alio
457 1692 550 1757 modo
565 1714 633 1756 esse
648 1692 819 1776 quamsit,
838 1691 907 1763 haec
922 1691 1032 1776 opinio
1045 1692 1126 1758 falsa
1140 1692 1279 1767 dicitur;
1303 1699 1330 1761 si

379 1792 515 1859 fluctuat
545 1806 577 1857 et
607 1794 717 1871 nescit,
745 1814 784 1856 an
815 1793 856 1857 sit
885 1793 931 1857 ita
952 1815 1060 1873 necne,
1082 1816 1192 1858 verum
1224 1809 1329 1861 tamen

377 1896 558 1981 explorans,
575 1918 648 1959 cera
661 1896 770 1982 opinio
789 1895 917 1959 dicitur.
964 1892 1042 1959 Ideo
1062 1895 1106 1959 sic
1125 1896 1329 1965 describitur.

376 1999 495 2083 Opinio
516 2012 563 2063 est
580 1997 627 2061 rel
650 1997 691 2061 de
713 1997 808 2063 rebus
830 1996 946 2063 salsum
969 1998 1083 2061 animae
1099 1998 1259 2084 judicium
1279 2001 1327 2065 vel

379 2123 502 2176 verum,
518 2100 677 2165 fluctuans
687 2113 718 2164 et
730 2104 897 2165 incertum.
936 2100 1034 2165 Ratio
1048 2123 1089 2164 ex
1100 2123 1173 2164 vera
1181 2103 1329 2187 opinione

380 2204 522 2267 nascitur
535 2203 631 2266 hocce
641 2201 752 2265 modo:
778 2222 875 2286 quum
893 2223 1001 2266 verum
1012 2202 1167 2266 incertum
1180 2202 1328 2282 fluctuat,

379 2316 411 2368 et
426 2319 536 2391 postea
551 2303 800 2369 discussionibus
814 2305 1032 2377 confirmatur,
1055 2304 1092 2368 lit
1108 2302 1210 2375 ratio;
1235 2320 1267 2370 et
1281 2320 1329 2371 est

380 2407 621 2471 ratiodiscretus
631 2406 727 2470 animi
736 2406 884 2482 intuitus,
892 2405 976 2492 quod
989 2428 1099 2471 verum
1108 2418 1193 2471 estet
1205 2422 1328 2473 certum

379 2507 484 2571 afalso
496 2507 653 2571 etincerto
662 2506 851 2570 discernens.
876 2505 1061 2571 Intellectus
1072 2529 1147 2570 vero
1157 2530 1197 2571 ex
1210 2508 1329 2573 ratione

380 2608 482 2672 oritur
503 2606 563 2670 hoc
579 2607 693 2673 modo:
716 2607 799 2671 ratio
817 2628 956 2693 namque
977 2606 1096 2669 formas
1118 2611 1259 2671 materioe
1274 2609 1329 2673 ad-

381 2710 498 2773 mixtas
519 2708 771 2795 comprehendit,
793 2724 824 2773 et
847 2708 920 2771 ideo
941 2729 1047 2771 rerum
1072 2708 1235 2772 veritatem
1266 2732 1329 2773 non

381 2810 527 2897 percipit,
559 2810 612 2874 sed
639 2810 787 2875 discernit
813 2823 845 2873 et
868 2810 1024 2895 inquirit;
1049 2821 1081 2871 et
1110 2830 1211 2893 quum
1235 2810 1330 2894 longo

379 2913 510 2978 rationis
522 2912 628 2977 labore
638 2925 669 2977 et
683 2934 796 2997 magna
805 2909 963 2975 industria
971 2910 1144 2972 formarum
1160 2910 1274 2974 veritas
1283 2911 1329 2975 in-

379 3014 536 3100 quiritur:
559 3014 634 3078 inde
656 3012 866 3097 intelligentia
888 3010 1038 3088 nascitur,
1060 3025 1134 3095 quo?
1155 3010 1288 3073 sormam
1311 3036 1331 3075 a

378 3118 511 3182 materia
530 3116 698 3196 abstrahit,
712 3128 744 3179 et
766 3114 832 3179 sine
847 3113 932 3176 omni
950 3112 1088 3198 partium
1104 3112 1330 3198 compositione

379 3221 540 3305 intelligit.
586 3220 665 3285 Ideo
681 3269 688 3285 .
706 3270 713 3284 .
731 3270 738 3284 .
757 3268 763 3283 .
781 3218 824 3281 sic
839 3238 905 3280 eam
924 3214 1089 3280 describit:
1115 3214 1330 3301 intelligentia

380 3324 479 3388 solius
501 3322 562 3388 Dei
586 3340 646 3397 est,
670 3335 702 3386 et
724 3320 787 3384 alia
810 3332 927 3406 praeter
950 3318 1018 3381 boc.
1073 3318 1258 3384 lntellectus
1281 3336 1329 3385 est

380 3424 495 3488 mentis
518 3424 576 3500 vis,
597 3423 744 3509 opinione
770 3422 921 3496 exeitate,
943 3423 1129 3507 incorporea
1154 3422 1237 3485 circa
1262 3446 1330 3486 cor-

380 3546 457 3609 pora
489 3524 780 3609 comprehendenss
826 3519 1053 3608 intelligentia,
1089 3522 1129 3587 ab
1166 3521 1328 3586 intellectu

380 3626 563 3711 procedens,
580 3640 626 3690 est
645 3648 754 3692 verum
776 3637 807 3689 et
828 3637 950 3689 certum
971 3623 1011 3687 de
1032 3622 1225 3709 incorporeis
1242 3623 1331 3708 judi-

378 3725 471 3789 cium.
533 3726 691 3789 Memoria
723 3725 880 3811 sequitur,
912 3745 987 3809 quae
1020 3746 1059 3787 ex
1093 3724 1330 3807 imaginatione,

379 3827 498 3906 studio,
514 3840 546 3891 et
569 3850 627 3891 usu
651 3828 799 3891 nascitur.
848 3823 1049 3909 Imaginatio,
1071 3848 1175 3888 rerum
1198 3825 1330 3891 oblivio·

379 3950 450 3992 nem
465 3930 555 4013 fugat
571 3942 603 3993 et
619 3929 799 3993 memoriam
819 3939 963 4013 reparat;
981 3926 1123 3990 studium
1140 3949 1196 4012 per
1211 3927 1328 4014 ingenii

378 4030 563 4095 exercitium
587 4033 767 4095 memoriam
789 4030 916 4094 excitat.
963 4028 1061 4102 Usus,
1078 4030 1184 4092 omnia
1198 4045 1229 4094 et
1249 4053 1331 4092 nove

378 4146 410 4196 et
435 4146 541 4197 vetera
570 4134 704 4197 firmiter
734 4144 894 4197 memorat.
952 4132 997 4195 Et
1027 4144 1073 4196 cst
1104 4132 1254 4194 memoria
1283 4130 1331 4194 vis

378 4238 501 4314 animae,
518 4257 581 4321 qua
601 4236 688 4320 prius
703 4234 830 4316 cognita
845 4232 978 4296 firmiter
994 4232 1117 4296 retinet.
1165 4231 1217 4294 Sic
1230 4230 1332 4314 igitur

377 4337 449 4401 istis
471 4335 671 4413 virtualibus,
694 4348 813 4420 septem
837 4334 1016 4400 actionibus
1043 4332 1082 4396 ad
1111 4332 1224 4394 nnimae
1251 4334 1332 4395 noti-

379 4438 455 4501 tiam
483 4460 554 4501 cum
584 4436 797 4522 intelligentia·
821 4436 991 4500 ascendere
1018 4454 1195 4519 possumus.
1255 4434 1334 4500 Istas
