3625 5317
412 778 485 825 car.
504 752 573 841 xa]
764 778 1006 825 unrsnoarcus.
1323 764 1365 822 ³9

411 928 529 995 Primae
548 942 580 994 et
597 926 746 994 secundae
761 951 903 1017 personae
924 928 1123 1018 pronomina,
1139 928 1241 993 rerbis
1255 927 1363 1013 inepte

409 1032 662 1117 conjunguntur,
670 1030 730 1095 nisi
740 1054 835 1095 causa
844 1030 1054 1109 discretionis,
1063 1044 1120 1097 aut
1132 1027 1361 1117 significantiae,

408 1133 482 1201 licet
492 1136 553 1200 sibi
564 1136 642 1201 satis
653 1148 831 1222 congruant
844 1134 1020 1201 accidentia
1033 1135 1220 1200 dictionum.
1250 1134 1361 1219 Nuga-

409 1236 500 1301 torisa
515 1250 620 1303 autern
634 1236 785 1302 dictionis
799 1236 965 1313 rationem,
974 1258 1037 1301 non
1054 1236 1105 1301 bic
1116 1236 1163 1300 its
1173 1248 1311 1311 coarcto,
1322 1248 1360 1299 ut

407 1334 491 1399 idem
508 1335 693 1423 frequenter
706 1337 824 1418 dicere,
837 1335 1053 1423 intelligatur:
1073 1350 1110 1403 ut
1125 1336 1151 1402 si
1166 1336 1198 1399 in
1214 1335 1360 1399 substan·

408 1436 485 1515 tivo,
505 1438 711 1526 adjectivum,
731 1438 821 1526 quod
842 1440 875 1503 in
899 1462 937 1504 eo
958 1438 1162 1525 intelligitur,
1179 1437 1254 1525 quis
1275 1437 1359 1504 forte

405 1538 548 1626 adjiciat,
562 1540 659 1625 quale
679 1554 742 1617 est,
758 1546 848 1605 tomo
866 1544 1040 1607 rationulis
1061 1542 1223 1615 ambulat,
1247 1538 1303 1603 sed
1317 1536 1358 1601 ad

406 1661 531 1705 omnem
559 1639 687 1704 dicendi
716 1640 851 1705 sormam
877 1640 1075 1715 extenditur,
1100 1640 1157 1705 ubi
1182 1640 1358 1705 dictionum

403 1740 560 1824 junctura
573 1739 708 1815 inutilis,
720 1754 750 1805 et
765 1741 1003 1826 quodammodo
1018 1764 1086 1805 suar
1096 1740 1177 1823 legin
1190 1738 1361 1826 implendas

408 1839 553 1905 inefficax
569 1854 627 1905 est.
674 1842 737 1906 Sed
753 1863 810 1905 nec
823 1841 948 1906 inutilis
962 1856 1010 1906 est
1020 1841 1187 1928 junctura,
1201 1841 1275 1906 licet
1292 1840 1361 1905 falsi

406 1950 483 2001 nota
504 1937 557 2013 sit,
572 1949 604 2003 et
621 1936 706 2023 quod
722 1959 808 2003 nunc
823 1938 974 2023 explicat,
990 1962 1076 2004 nunc
1099 1939 1244 2004 involvit.
1289 1938 1360 2002 Lex

406 2038 490 2102 enim
513 2038 735 2123 grammatices
754 2040 881 2103 mentiri
904 2062 966 2103 non
989 2038 1149 2126 probibet,
1169 2038 1228 2104 etsi
1251 2062 1288 2103 ea
1310 2061 1360 2102 ao-

407 2142 546 2218 cientur,
566 2164 606 2205 ex
626 2140 746 2227 quibus
768 2140 887 2222 nullus,
905 2140 1024 2227 linguae
1046 2141 1191 2228 peritiam
1216 2142 1358 2219 babenti,

407 2243 553 2328 provenit
564 2241 756 2308 intellectus.
792 2244 845 2307 Ex
862 2266 900 2307 eo
915 2256 1020 2308 autem
1037 2242 1193 2329 liquidius
1205 2256 1265 2319 est,
1280 2243 1359 2329 quia

405 2344 515 2428 primis
524 2343 781 2409 secundariorum
791 2356 975 2429 competens
984 2366 1045 2408 non
1059 2344 1095 2407 fit
1105 2345 1256 2431 adjectio:
1269 2344 1358 2431 quod

403 2449 431 2510 si
453 2445 612 2533 adjectiva
633 2444 876 2531 aequipollenter
899 2446 932 2509 in
954 2446 1018 2510 alia
1035 2446 1235 2511 resolvantur
1256 2449 1308 2531 (ut
1330 2447 1357 2511 si

405 2546 488 2611 forte
503 2546 660 2612 reddatur
673 2569 732 2636 pro
747 2546 931 2613 nominibus
951 2546 1109 2630 delinitio)
1126 2548 1356 2634 appositionem

405 2648 640 2736 oequipollentis
656 2648 780 2713 termini
797 2670 998 2734 nequaquam
1016 2648 1159 2714 horrebit
1174 2649 1310 2730 animus,
1324 2662 1356 2714 et

402 2750 501 2837 ipsius
522 2748 672 2835 adjectivi
688 2748 834 2815 secundae
858 2750 1070 2834 impositionis
1092 2749 1279 2815 formidabit
1299 2772 1357 2813 au·

401 2853 520 2919 ditum.
566 2852 666 2917 Verbi
681 2852 796 2937 grstia,
811 2855 988 2933 propositio
1003 2852 1213 2933 predicatioo
1226 2862 1284 2931 est,
1298 2852 1358 2917 boc

403 2952 658 3040 aequipollentur
680 2950 810 3014 videtur
832 2972 980 3031 asserere,
993 2950 1082 3035 quod
1105 2950 1301 3038 simpliciter,
1323 2953 1358 3018 id

403 3068 462 3131 est,
481 3055 548 3119 aine
562 3051 744 3116 conditione
759 3048 868 3135 aliqua
889 3051 1046 3129 enuntiat,
1066 3064 1123 3116 aut
1141 3051 1230 3137 quod
1253 3054 1360 3119 termi-

403 3176 481 3218 num
505 3152 623 3217 babeat
647 3148 866 3237 predicatum.
913 3149 1050 3216 Dicatur
1071 3173 1160 3237 ergo,
1174 3157 1291 3219 tunica
1310 3164 1359 3221 eat

401 3256 594 3339 categorico,
625 3250 759 3317 baerebit
788 3250 983 3330 intellectus,
1012 3253 1054 3318 ob
1089 3252 1278 3341 adjectionis
1309 3257 1357 3323 in-

402 3356 660 3445 competentiam,
687 3368 720 3420 et
745 3354 828 3419 forte
854 3354 950 3419 citius
976 3354 1017 3419 de
1041 3356 1151 3444 inepta
1176 3357 1354 3425 dictionum

398 3460 554 3547 junctura
582 3457 779 3535 causabitur,
808 3479 905 3543 quarn
935 3456 1091 3522 mendacii
1120 3480 1211 3523 reum
1240 3475 1357 3547 arguat

404 3572 643 3648 proponentem.
688 3558 744 3624 Sin
771 3570 879 3623 autem
902 3556 1001 3635 dicat,
1023 3561 1137 3624 tunica
1160 3562 1356 3643 simpliciter,

401 3663 434 3727 id
457 3676 505 3728 est
526 3664 598 3728 ains
618 3662 810 3739 conditione,
829 3662 955 3742 otton&
976 3663 1143 3741 muueiot,
1164 3670 1225 3728 out
1250 3668 1356 3730 tenni·

403 3785 485 3829 aum
505 3764 600 3829 sanet
618 3762 844 3847 predicatum,
867 3760 975 3825 statim
992 3759 1112 3825 salsum
1131 3776 1246 3848 arguet
1266 3766 1357 3831 audi·

404 3877 467 3941 tor,
487 3884 545 3928 nec
566 3876 672 3928 tamen
692 3860 758 3926 cito
777 3859 920 3948 prosiliet
937 3860 978 3925 ad
999 3861 1176 3927 causandas
1192 3864 1356 3950 junctura

403 3965 548 4050 ineptias.
579 3964 706 4051 Utique
721 3964 823 4050 riuum
838 3962 958 4029 dicitur
972 3963 1151 4050 propositio
1165 3965 1355 4054 categorica,

404 4065 596 4149 intelligitur
621 4066 741 4131 habens
769 4063 980 4153 predicatum
1011 4065 1194 4146 terminum,
1217 4080 1250 4134 et
1279 4068 1355 4133 sub·

398 4168 543 4253 jectum:
568 4168 676 4243 Quum
691 4187 777 4246 vero,
791 4169 994 4250 syllogismus
1015 4171 1223 4251 categoricus,
1238 4166 1356 4253 signifi-

402 4280 505 4347 catur,
520 4266 672 4353 quoniam
691 4286 732 4331 ex
752 4268 940 4354 categoricis
958 4279 1093 4333 constat.
1136 4270 1257 4349 Εᾳιιιιι
1271 4275 1354 4332 cota-

398 4373 529 4453 gorictu
547 4367 703 4456 quicquid
728 4368 894 4454 significet,
916 4368 1063 4453 ignotum
1083 4368 1203 4433 babeo:
1232 4367 1287 4431 sed
1307 4368 1354 4433 in-
