3625 5317
438 814 508 860 car.
523 790 612 876 vnn]
798 810 1041 860 nurasourcus.
1327 794 1385 862 lat

435 976 493 1029 aut
522 964 720 1029 indumento.
776 964 855 1029 ltem
885 970 1018 1049 quintus
1045 966 1257 1052 copiosissime
1284 969 1389 1047 docet,

437 1079 517 1153 quot
533 1066 635 1129 modis
646 1065 772 1130 dicatur
787 1069 972 1153 proprium:
995 1081 1027 1133 et
1042 1069 1075 1132 in
1092 1068 1152 1146 his,
1163 1070 1242 1155 quid
1259 1072 1387 1157 proprie

436 1187 467 1232 et
498 1166 719 1254 multiplieiter
742 1168 834 1233 docet
857 1172 987 1255 quando
1010 1183 1094 1235 reete
1122 1168 1262 1257 positum
1284 1175 1339 1250 sit,
1353 1187 1387 1237 et

436 1270 567 1356 quando
582 1270 622 1333 sit
644 1290 811 1355 perperam
834 1272 1042 1355 assignatum.
1086 1271 1264 1337 Utilissima
1278 1287 1387 1339 autem

436 1382 484 1435 est
508 1370 577 1433 haec
599 1369 777 1455 speculatio
797 1370 837 1433 ad
862 1370 1068 1435 astruendum
1091 1384 1124 1435 et
1145 1372 1388 1451 destruendum,

436 1471 586 1557 quoniam
599 1472 775 1557 proprium,
788 1471 875 1557 quod
889 1475 1017 1557 proprie
1028 1471 1158 1549 dicitur,
1168 1489 1200 1537 et
1210 1476 1304 1559 cujus
1314 1498 1386 1561 pro-

436 1573 543 1657 prium
555 1584 613 1651 est,
626 1573 802 1637 seinvicem
815 1586 929 1637 mutua
944 1573 1171 1659 praedicatione
1181 1575 1385 1641 concludunt.

437 1763 517 1847 Cap.
536 1768 565 1826 8.
590 1762 642 1825 Da
660 1762 775 1825 Titulo
790 1763 974 1844 definiendi
983 1764 1042 1847 qui
1055 1772 1217 1827 aversarer
1230 1765 1267 1826 in
1277 1764 1386 1829 Scato.
1429 1816 1436 1827 ,

480 1880 596 1945 Poano
605 1887 717 1945 sentus
731 1878 773 1943 de
785 1877 968 1943 delinitione
982 1892 1042 1955 est,
1053 1892 1087 1943 et
1101 1895 1201 1944 artem
1216 1878 1386 1945 deliniendi

433 1981 611 2049 luculenter
628 1982 737 2059 tradit,
755 1994 791 2045 ut
806 1980 862 2067 qui
878 1981 975 2046 istum
998 1980 1091 2067 plene
1110 1982 1246 2058 noverit,
1266 1982 1300 2047 iu
1321 1997 1386 2048 sta·

435 2084 560 2150 tuendis
589 2098 644 2149 aut
669 2083 861 2148 evacuendis
886 2083 1125 2149 definitionibus
1150 2085 1297 2150 haesitare
1321 2109 1386 2152 nou

433 2185 557 2250 debeat.
586 2186 686 2249 Porro
701 2183 841 2269 regulam
854 2184 1025 2249 deliniendi
1039 2185 1246 2252 arctissimam
1261 2187 1383 2263 docuit,

433 2298 465 2353 et
480 2309 575 2374 quam
592 2286 685 2373 plene
699 2300 755 2351 aut
771 2286 888 2363 nullus,
904 2302 962 2352 aut
977 2310 1068 2353 rarus
1085 2290 1276 2376 assequitur.
1322 2294 1385 2356 lta·

432 2412 495 2475 qne
511 2386 708 2453 Aristotelem
729 2410 797 2474 prae
818 2389 944 2453 caeteris
962 2390 1123 2467 omnibus,
1139 2402 1204 2454 tam
1227 2390 1299 2456 aliae
1319 2390 1384 2457 dis·

432 2488 556 2555 serendi
572 2490 837 2568 ratiocinationes,
859 2513 955 2577 quam
972 2490 1141 2555 deliniendi
1158 2492 1274 2557 titulus
1294 2492 1383 2558 illus·

432 2592 571 2672 trarst,si
583 2604 647 2656 taur
657 2605 802 2678 patenter
811 2605 968 2657 astrueret
980 2593 1224 2680 propria,quam
1235 2607 1382 2680 potenter

431 2692 594 2757 destruxit
622 2693 733 2757 aliena.
780 2695 941 2758 ceterum
973 2694 1055 2758 sicut
1085 2693 1220 2759 validior
1248 2696 1300 2760 hie
1328 2719 1383 2759 ex-

430 2808 590 2881 pugnator
604 2795 724 2869 extitit,
741 2816 836 2880 quam
860 2808 1007 2869 assertor,
1023 2794 1067 2858 ita
1082 2795 1226 2882 plerique
1246 2796 1383 2861 validius

429 2909 584 2973 asserunt,
600 2918 698 2982 quam
714 2895 921 2979 impugnent:
939 2896 1137 2980 nequeenim
1153 2917 1262 2959 omnes
1276 2897 1383 2961 omnia

430 3009 577 3085 possunt,
607 3010 639 3060 et
668 3000 807 3081 quisque
837 2996 863 3059 si
892 2998 1061 3059 efficaciam
1091 2997 1237 3061 attendat
1260 2998 1382 3079 gratia,

429 3099 562 3187 proprio
585 3118 717 3160 munere
739 3096 920 3182 insignitur.
966 3096 1015 3161 Ut
1029 3096 1071 3159 de
1086 3097 1234 3162 fidelibus
1249 3109 1381 3177 taceam,

429 3205 517 3267 Naso
525 3199 675 3275 carmina,
683 3199 795 3263 Cicero
806 3220 916 3263 causas
931 3198 1066 3264 feliciter
1079 3199 1157 3285 agit.
1181 3201 1382 3287 Pythagoras

430 3315 576 3366 naturam
590 3301 724 3375 excutit,
737 3303 881 3365 Socrates
893 3322 1015 3365 morum
1031 3302 1209 3387 prescribit
1219 3325 1381 3369 normamz

431 3402 524 3467 Plato
538 3404 578 3467 de
593 3403 741 3469 omnibus
753 3403 935 3490 persuadet,
950 3402 1136 3469 Aristoteles
1150 3405 1294 3490 argutias
1309 3426 1381 3489 pro·

430 3516 531 3569 curat.
587 3504 800 3589 Sumpserunt
822 3504 896 3569 hinc
926 3503 1082 3569 doctrinae
1111 3527 1178 3570 suae
1206 3505 1382 3591 primordia

430 3604 554 3671 Marius
576 3606 771 3683 Victorinus,
792 3617 824 3668 et
849 3604 1005 3668 Boethius
1034 3626 1107 3667 cum
1138 3606 1301 3684 Cicerone,
1322 3608 1381 3692 qui

430 3706 546 3792 singuli
558 3706 656 3771 libros
668 3705 888 3769 definitionum
906 3704 1095 3769 ediderunt:
1119 3704 1166 3768 illi
1181 3704 1313 3791 quidem
1325 3707 1380 3772 de·

428 3806 558 3873 liniendi
573 3828 697 3883 nomen,
715 3828 816 3892 usque
835 3804 876 3869 ad
892 3805 1074 3891 quindecim
1096 3806 1214 3892 species
1227 3806 1380 3873 dilatave·

429 3924 514 3985 runt,
530 3908 728 3975 describendi
751 3905 861 3972 modus
882 3906 1077 3973 definitionis
1092 3908 1248 3973 vocabulo
1265 3931 1381 3996 suppo-

429 4025 548 4077 nentes.
581 4010 668 4075 Huic
684 4032 769 4087 vcro,
784 4008 825 4071 de
836 4007 1037 4074 substantiali
1050 4009 1212 4094 praecipue
1223 4032 1301 4075 cura
1314 4025 1378 4075 est:

428 4136 502 4199 quae
522 4113 566 4177 sic
588 4126 731 4176 constare
751 4109 845 4175 debet
868 4132 907 4173 ex
927 4132 1043 4195 genere
1064 4127 1097 4175 et
1117 4109 1380 4176 substantialibus

427 4214 625 4288 differentiis,
656 4226 692 4278 ut
724 4212 886 4299 proposito
916 4226 1111 4298 coaequetur.
1166 4212 1266 4273 Recte
1294 4208 1378 4272 anim

425 4307 1380 4401 assignataest‚quumlueritaequalisdelinito‚etplanissima

427 4417 532 4481 utitur
546 4416 815 4503 interpretatione.
862 4413 1046 4479 Amuvenda
1056 4425 1105 4477 est
1117 4433 1196 4496 ergo
1206 4431 1269 4475 nou
1283 4410 1381 4477 modo
