3625 5317
420 810 490 856 aar.
507 792 572 873 uu]
769 806 1013 853 uursnomcus.
1307 794 1366 853 125

420 970 508 1022 turn:
534 958 663 1023 tertium
678 957 719 1022 ad
737 956 875 1043 aliquid:
903 966 1062 1042 quartum,
1079 955 1194 1041 quales
1220 956 1366 1042 quintum

420 1060 490 1127 ubi:
512 1072 635 1125 sextum
651 1059 793 1146 quando:
817 1059 988 1145 septimum
999 1058 1097 1123 situm
1111 1079 1197 1122 esse:
1220 1068 1367 1124 octavum

418 1161 554 1225 habere:
592 1183 713 1226 nonum
741 1160 863 1225 iacere:
901 1159 1075 1240 decimum,
1103 1158 1179 1245 pati.
1227 1159 1271 1224 Et
1298 1159 1369 1224 hoec

417 1262 547 1349 quidem
562 1264 607 1328 sic
622 1261 833 1348 multiplicata
854 1273 940 1338 sunt,
956 1260 1106 1348 quoniam
1130 1265 1223 1345 apud
1233 1264 1370 1346 philoso-

415 1370 494 1449 pior
517 1370 655 1431 muaime
677 1364 805 1448 vigebat
826 1361 1002 1449 speculatio
1023 1361 1244 1449 corporalium,
1266 1384 1368 1451 quum

417 1476 491 1529 ante
504 1463 678 1541 Zenonem,
688 1476 745 1529 aut
757 1462 871 1555 nullus,
882 1475 938 1529 aut
949 1464 1042 1549 pauci
1053 1464 1238 1544 admodum,
1248 1464 1369 1552 aliquid

417 1568 459 1631 de
483 1567 601 1647 anima,
620 1578 676 1631 aut
697 1565 860 1652 spiritibus
881 1564 1075 1651 incorporeis
1097 1578 1183 1629 recte
1204 1566 1368 1631 senaerim.

420 1668 486 1733 Hic
495 1668 580 1733 enim
592 1681 651 1746 est,
661 1668 742 1734 sicut
755 1668 973 1753 Hieronymus
984 1679 1163 1745 auctorest,
1174 1667 1230 1753 qui
1240 1667 1371 1733 immor·

417 1768 575 1835 talitatem
594 1768 725 1835 tradidit
744 1770 936 1835 animarum.
981 1768 1103 1855 Utique
1123 1768 1219 1833 situm
1239 1789 1317 1845 esse,
1338 1781 1372 1833 ct

417 1872 567 1959 quasdam
588 1870 661 1949 alia,
682 1870 734 1937 vix
754 1892 895 1957 congrue
917 1881 1069 1957 poterunt
1090 1869 1253 1956 spiritibus
1271 1869 1374 1955 appli—
1486 1866 1489 1871 ’

417 1975 502 2041 cari:
529 1979 682 2060 quonium
697 1976 767 2039 boec
781 1974 1042 2060 praedicamenta,
1056 1994 1115 2058 pro
1129 1983 1218 2059 parte
1234 1972 1373 2058 corpori·

418 2077 478 2142 bus
502 2077 664 2163 praecipue
687 2076 815 2141 addicta
838 2087 923 2142 sunt.
971 2074 1080 2140 Prima
1100 2074 1209 2162 itaque
1229 2085 1373 2139 oontem-

418 2178 527 2265 platio,
548 2189 582 2243 et
600 2178 837 2265 quodammodo
857 2177 1045 2243 naturaliter
1065 2176 1374 2263 philosophantium,

418 2290 561 2345 versatur
577 2280 610 2345 in
633 2279 849 2366 speculatione
864 2278 1130 2344 substantiarumr
1157 2300 1295 2366 sequens
1315 2301 1373 2344 au-

336 2394 343 2405 ·
419 2393 497 2458 tem,
518 2380 747 2445 Mathematicus
761 2390 827 2457 est3
855 2378 1062 2467 imitaturque
1078 2391 1236 2447 naturam.
1276 2380 1373 2446 Unde

421 2482 670 2547 Mathematicus
681 2481 722 2548 ab
734 2480 872 2569 antiquis
886 2481 991 2547 dictus
1002 2493 1051 2547 eat
1059 2489 1153 2549 simia
1165 2487 1373 2551 naturalium

420 2588 691 2671 Philosophorum.
723 2583 812 2649 Sicut
826 2582 914 2648 enim
925 2595 1049 2649 natura·
1063 2595 1228 2661 scrutator,
1240 2582 1374 2671 inquirit

419 2688 460 2752 de
477 2688 622 2770 cleonte,
637 2699 693 2752 aut
710 2687 822 2765 Callia,
838 2687 920 2773 quid
934 2688 985 2764 sit,
1000 2704 1056 2753 aut
1071 2686 1185 2773 qualis,
1200 2699 1257 2752 aut
1271 2710 1373 2774 quan-

419 2800 487 2868 tus3
516 2790 561 2854 sic
587 2788 845 2865 Mathematicus,
869 2810 970 2874 quum
992 2788 1202 2853 substantiam
1225 2790 1294 2873 ejus
1315 2790 1374 2853 ab·

420 2890 575 2967 struxerit,
588 2888 722 2975 inquirit
731 2889 773 2953 de
784 2910 823 2953 ea
834 2887 914 2974 quid
923 2888 976 2968 sit,
985 2900 1041 2951 aut
1052 2887 1165 2973 qualis,
1177 2898 1234 2952 aut
1243 2900 1374 2974 quanta,

420 3004 454 3057 et
468 2991 631 3075 deinceps,
641 2988 833 3057 naturalium
849 3009 939 3052 more
953 2986 1227 3073 Philosophorum,
1240 2989 1282 3053 ad
1292 2989 1374 3054 ulte·

418 3092 504 3165 riora
518 3089 729 3175 progreditur.
761 3087 826 3154 Sed
837 3089 924 3175 apud
938 3110 1003 3168 eos,
1016 3088 1072 3175 qui
1088 3088 1222 3176 purioris
1237 3088 1375 3176 philoso-

419 3191 506 3279 phiae
522 3191 630 3276 vigent
650 3190 808 3273 acumine,
824 3190 947 3276 pridem
968 3203 1134 3279 receptum
1148 3202 1206 3270 eet,
1222 3191 1373 3258 secunda

419 3292 556 3359 mathesi
571 3292 676 3356 locum
702 3313 763 3356 non
784 3313 864 3375 ease,
879 3312 921 3356 ne
939 3290 1176 3379 philosophicus
1194 3292 1285 3359 labor
1299 3316 1374 3382 pro·

420 3396 512 3461 cedat
543 3394 577 3457 in
608 3393 781 3473 inlinitum,
811 3406 845 3459 et
873 3416 1001 3481 semper
1032 3407 1166 3480 vagetur
1197 3396 1372 3483 inquisitio,

420 3518 493 3584 quoe
508 3517 635 3581 semper
654 3496 758 3561 tendit
773 3496 814 3561 ad
834 3496 944 3563 finem.
991 3496 1114 3583 Utique
1129 3497 1198 3582 jam
1221 3498 1373 3584 spoliatus

420 3598 551 3664 omnino
565 3598 701 3684 amplius
715 3597 830 3662 nudari
845 3620 908 3662 non
924 3610 1046 3684 potest:
1074 3611 1108 3663 et
1122 3599 1188 3663 sive
1203 3600 1338 3665 formam
1353 3623 1372 3665 a

421 3701 554 3767 materia
569 3702 768 3777 abstraxeris,
784 3701 848 3766 sive
863 3702 1031 3766 materiam
1046 3702 1235 3767 subduxeris
1249 3703 1371 3782 iormae,

421 3804 599 3890 superfluus
609 3804 671 3869 erit
682 3803 798 3868 exinde
814 3802 914 3885 labor,
924 3814 981 3868 aut
993 3809 1243 3871 circumstantiis
1252 3819 1286 3871 et
1300 3828 1374 3892 pro·

421 3905 619 3991 prietatibue,
642 3928 721 3992 quas
742 3926 806 3970 non
833 3904 984 3984 admittit,
1008 3906 1122 3971 vestire
1148 3905 1293 3984 formam,
1316 3919 1373 3972 aut

421 4006 574 4094 quasilla
593 4029 656 4072 non
676 4007 784 4084 habet,
801 4006 936 4094 spoliare
956 4008 1133 4074 materiam.
1179 4008 1266 4094 Ergo
1279 4010 1372 4096 quid-

421 4108 499 4194 quid
523 4108 606 4174 ultra
628 4120 779 4186 tentatur,
801 4130 863 4173 non
884 4109 1067 4176 constitutio
1088 4123 1221 4187 naturae,
1237 4111 1294 4175 sed
1312 4112 1372 4196 lig·

420 4221 566 4274 mentum
581 4215 687 4277 animi
700 4221 755 4287 eat,
768 4209 943 4276 subtilitate
955 4211 1180 4277 mathematica
1189 4210 1371 4277 laborantis.

422 4312 529 4389 Quum
545 4309 632 4375 enim
648 4310 803 4396 quaeritur
816 4311 893 4397 quid
909 4321 958 4377 est
977 4314 1094 4387 adedo,
1109 4323 1143 4375 et
1164 4309 1374 4393 respondetur

422 4410 509 4476 color
523 4410 605 4490 talis,
621 4411 775 4499 quicquid
795 4412 835 4494 ei,
851 4412 892 4477 ad
914 4411 1129 4477 subsistentiae
1147 4408 1371 4476 discretionem
