3625 5317
492 782 533 841 76
748 792 886 839 toassrs
902 788 1183 838 massanisssrs
1306 776 1390 857 [arn.
1407 795 1444 841 11.

597 942 654 995 Aut
665 940 786 1012 prodesse
796 939 895 1005 rolant,
906 946 953 994 aut
963 940 1093 995 delectare
1103 947 1197 1014 poelt,

598 1025 655 1078 Aut
666 1025 742 1079 simul
754 1031 782 1078 et
788 1025 912 1097 jucunda,
924 1029 952 1077 et
963 1026 1057 1079 idonea
1068 1026 1155 1080 dicere
1166 1028 1241 1079 vitae:

598 1110 683 1165 Omne
694 1111 755 1163 tulit
766 1116 887 1183 punctum
900 1112 944 1179 qui
956 1113 1059 1165 miscuit
1070 1111 1134 1165 utile
1145 1112 1225 1165 dalei.

493 1232 539 1295 Et
554 1228 795 1313 multiloquium
808 1241 938 1314 peccata
948 1233 1153 1295 comitantur.
1184 1230 1325 1317 Linguae
1335 1243 1443 1295 autem

493 1329 678 1396 volubilitas
693 1347 770 1393 tunc
785 1327 914 1392 demum
930 1329 1073 1414 prodest,
1084 1329 1109 1393 si
1122 1330 1163 1394 ad
1179 1330 1368 1410 sapientiam
1383 1330 1446 1395 dia-

493 1443 651 1519 ponatur:
681 1430 713 1493 in
744 1428 808 1492 udo
831 1428 914 1493 enim
940 1443 1002 1507 est,
1027 1443 1061 1494 et
1085 1432 1151 1496 cito
1176 1429 1307 1496 labitur.
1353 1430 1446 1496 Licet

492 1545 600 1598 autem
617 1531 658 1596 eit
673 1530 849 1595 membrum
865 1529 1039 1608 modicum,
1049 1544 1151 1596 rotam
1168 1531 1317 1595 humanas
1330 1532 1444 1596 nativi-

494 1634 569 1700 tatis
584 1631 760 1710 succendit,
780 1631 951 1696 conturbat
967 1632 1078 1709 vitam,
1093 1646 1126 1697 et
1147 1645 1251 1697 totum
1274 1633 1443 1708 bominem,

493 1737 553 1803 nisi
569 1732 792 1801 moderationis
807 1732 936 1799 vinculo
950 1732 1151 1812 refrenetur,
1162 1733 1230 1819 agit
1245 1734 1277 1797 in
1292 1754 1444 1821 praecepa.

495 1837 579 1916 Quid
596 1850 702 1904 autem
717 1834 846 1922 prodest
866 1834 923 1901 illa
942 1836 976 1899 ia
990 1834 1129 1899 archivis
1146 1837 1318 1913 memoriae,
1339 1858 1446 1900 recon-

494 1940 589 2029 disse,
608 1960 746 2024 quorum
767 1936 875 2001 nullus
893 1953 942 2003 est
960 1942 1061 2003 usus?
1099 1938 1188 2003 Sicut
1206 1938 1292 2003 eninr
1311 1938 1352 2003 de
1374 1937 1446 2002 lana

493 2039 623 2124 caprina
636 2036 826 2101 contendere
845 2036 1050 2103 inofficiosum
1071 2052 1131 2115 est,
1146 2038 1191 2102 sic
1205 2061 1243 2102 ea
1257 2062 1333 2125 quae
1347 2039 1445 2104 inuti-

494 2137 566 2203 liter
586 2136 805 2225 proferuutur,
821 2139 1041 2203 commendare
1060 2140 1233 2215 memoriae,
1249 2140 1396 2226 ineptum
1415 2151 1445 2204 ct

494 2238 699 2304 indiscretum
730 2251 787 2303 est.
844 2239 926 2316 Quis
960 2262 1102 2327 unquam
1137 2240 1265 2306 inutilia
1298 2240 1387 2320 folia,
1415 2254 1446 2305 et

495 2340 607 2405 aristas
635 2338 849 2405 thesaurizans
878 2344 1047 2427 congessit,
1072 2353 1110 2405 ut
1138 2340 1256 2427 opibus
1280 2340 1446 2407 abundet?

495 2440 661 2506 Debuerat
678 2438 868 2504 Aristoteles
882 2438 964 2503 hanc
980 2439 1210 2526 compescuisse
1225 2440 1444 2526 intemperiem

495 2563 616 2618 eorum,
632 2539 689 2628 qui
711 2539 916 2605 indiscretam
938 2538 1177 2627 loquacitatem,
1195 2540 1370 2605 dialecticae
1391 2565 1447 2607 es·

493 2641 638 2707 ercitium
650 2653 776 2728 putant.
815 2642 859 2707 Et
875 2663 949 2705 saue
965 2642 1252 2730 compescuerat,si
1267 2641 1445 2706 audiretur.

494 2746 574 2811 Nost
601 2752 733 2830 oportet,
762 2743 880 2829 inquit,
909 2765 1002 2809 omae
1034 2746 1208 2828 problema,
1234 2766 1295 2809 mee
1322 2765 1446 2809 omnem

489 2851 689 2932 minnota,
709 2848 921 2924 considerare,
946 2849 1002 2911 sed
1025 2868 1124 2930 quam
1147 2848 1307 2911 dubitabit
1329 2848 1448 2929 aliquia

493 2955 632 3017 rationis
653 2953 826 3035 egentium,
850 2958 881 3015 et
900 2970 1018 3033 poenae,
1039 2952 1090 3015 oel
1109 2971 1233 3014 aenam.
1277 2949 1367 3013 Nam
1389 2951 1447 3032 qui

493 3052 644 3117 debitam
655 3060 768 3117 utrum
779 3058 922 3135 oporteat
931 3052 1018 3115 Deos
1026 3052 1139 3131 vam,
1147 3059 1179 3115 et
1188 3057 1342 3133 parentes
1352 3051 1447 3113 bono

493 3172 579 3230 rare,
592 3154 643 3215 uel
655 3172 733 3229 aaa,
749 3172 859 3233 poenoe
880 3154 1037 3234 indigent.
1084 3152 1149 3226 Qut
1168 3172 1240 3215 aero
1258 3158 1371 3215 atram
1386 3153 1446 3213 sai-c

493 3252 569 3315 alba
590 3258 648 3331 eat,
663 3254 713 3315 uel
730 3272 808 3331 nou,
828 3273 948 3318 sensus.
992 3254 1109 3337 Neque
1129 3275 1202 3319 aero
1217 3275 1352 3337 quoram
1370 3274 1446 3335 pro-

490 3355 617 3436 pinqua
632 3361 678 3417 eat
694 3354 1047 3438 demonstratamque
1063 3376 1200 3437 quorum
1219 3356 1314 3419 valde
1330 3355 1443 3437 longe:

491 3475 570 3518 sam
580 3456 650 3519 taso
660 3454 788 3539 quidem
802 3476 867 3520 non
879 3457 997 3520 satem
1010 3458 1255 3537 dubitationem,
1265 3457 1325 3520 illa
1336 3463 1445 3520 autem

491 3560 604 3641 magia,
633 3580 729 3643 quam
759 3560 936 3623 secundum
964 3562 1212 3625 eaermtats'oom.
1266 3560 1350 3622 Haec
1379 3557 1444 3621 ille.

494 3659 555 3723 Sed
578 3659 636 3743 illi,
659 3684 697 3726 eo
722 3660 914 3739 inconsulto,
936 3660 1001 3725 imo
1025 3674 1058 3726 et
1083 3662 1282 3747 prohibente,
1308 3681 1444 3746 semper,

492 3758 624 3846 ubique,
643 3777 676 3828 et
696 3761 738 3827 de
758 3764 906 3828 omnibus
926 3785 1018 3849 teque
1042 3761 1228 3848 disputant:
1259 3761 1342 3825 forte
1366 3760 1446 3846 quia

492 3862 639 3927 notitiam
654 3864 795 3929 omnium
811 3887 902 3951 teque
917 3862 1047 3929 habent.

504 4064 583 4149 Cap·
599 4064 630 4132 9.
660 4064 753 4138 Quod
780 4067 925 4152 iueffloau
952 4075 999 4132 eat
1027 4068 1205 4145 dialectica,
1235 4069 1264 4132 ai
1291 4068 1435 4131 aliorum

663 4167 906 4249 disciplinarum
921 4167 1114 4232 destituatur
1126 4170 1272 4233 subsidio.

534 4308 786 4379 Eooounsrtsrs
806 4308 873 4371 sine
891 4309 1047 4389 sapientia
1069 4331 1131 4374 aaa
1145 4314 1303 4395 prodesse,
1320 4310 1445 4376 celebre

492 4420 550 4487 est,
565 4420 596 4473 et
613 4430 741 4473 verum:
765 4408 849 4475 unde
864 4410 976 4497 ipsam,
992 4424 1029 4479 ut
1041 4415 1153 4501 prosit,
1169 4439 1188 4479 a
1203 4414 1359 4499 sapientia
1371 4432 1446 4477 eoa-
