3625 5317
497 778 557 839 108
762 790 898 835 sotusrs
916 789 1195 835 sanassentsssts
1311 770 1393 850 [ctu.
1410 789 1445 833 11.

492 942 584 1025 alter)
616 940 806 1016 differentes,
837 941 950 1025 speciei
982 954 1130 1005 censetur
1158 938 1294 1005 nomine.
1350 938 1444 1018 Quod

492 1056 598 1109 autem
615 1042 812 1109 diversarum
837 1046 1010 1108 formarum
1034 1045 1126 1131 quasi
1139 1043 1319 1107 communis
1341 1043 1446 1125 imago

491 1158 549 1225 est,
578 1147 702 1231 generis
732 1147 886 1233 suscepit
905 1170 1028 1211 nomen.
1088 1148 1188 1233 Ergo,
1218 1168 1257 1209 ex
1291 1145 1447 1209 sententia

491 1248 678 1328 Aristotelis,
690 1272 806 1331 genera
821 1264 852 1313 et
869 1252 998 1335 species,
1009 1270 1071 1312 non
1087 1248 1215 1313 omnino
1229 1248 1310 1331 quid
1321 1250 1373 1321 att,
1390 1244 1445 1311 sed

490 1356 584 1435 quola
616 1353 698 1436 quid
730 1350 967 1439 quodammodo
1001 1351 1243 1438 concipiuntur:
1285 1363 1318 1414 et
1352 1351 1444 1435 quasi

489 1456 637 1542 quaedam
666 1468 739 1519 sunt
765 1455 917 1540 figmenta
944 1453 1086 1531 rationis,
1109 1454 1255 1539 seipsam,
1280 1456 1312 1517 in
1339 1474 1443 1515 rerum

491 1556 706 1645 inquisitione,
723 1570 754 1620 et
770 1556 928 1633 doctrina,
939 1556 1087 1621 subtilius
1102 1554 1287 1620 exercentis.
1326 1555 1370 1618 Et
1386 1553 1444 1615 boc

491 1658 619 1747 quidem
641 1659 789 1737 fideliter,
809 1660 887 1744 quia
911 1658 1060 1744 quotiens
1081 1682 1164 1745 opus
1183 1672 1244 1735 est,
1264 1656 1444 1743 agitationis

491 1784 557 1826 suoe
572 1762 772 1827 manifestum
790 1762 821 1824 in
839 1760 934 1824 rebus
948 1760 1099 1847 producit
1114 1760 1308 1846 exemplum.
1349 1759 1402 1821 Sic
1412 1772 1442 1821 et

486 1864 543 1949 jus
557 1862 648 1928 civile
667 1886 725 1927 sua
746 1863 899 1947 figmenta
920 1862 1023 1926 norit:
1056 1875 1089 1926 et
1102 1862 1270 1950 disciplina
1292 1859 1443 1947 quaelibet

491 1990 539 2041 ea,
567 1988 624 2051 per
652 1988 727 2051 quae
754 1966 854 2050 ipsius
883 1964 1037 2050 procedat
1066 1987 1152 2043 usus,
1177 1963 1357 2049 excogitare
1382 1985 1442 2027 nou

491 2068 660 2143 erubescit,
673 2066 727 2130 sed
745 2067 882 2152 propriis
893 2065 1131 2152 quodammodo
1142 2066 1304 2152 figmentis
1315 2066 1444 2151 gaudet.

493 2167 675 2247 Gaudeant,
690 2168 806 2252 inquit,
825 2166 1027 2245 Aristoteles,
1043 2169 1179 2255 species:
1205 2182 1342 2233 monstra
1361 2167 1442 2233 enim

490 2285 584 2343 sunt;
617 2269 678 2347 vel,
705 2268 880 2333 secundum
910 2293 1023 2334 novam
1050 2270 1297 2346 translationem,
1323 2270 1445 2335 cicada·

491 2372 591 2436 tiones
617 2371 699 2434 enim
725 2385 820 2447 sunt;
858 2386 915 2436 aut
942 2374 968 2437 si
995 2388 1080 2448 sunt,
1106 2372 1184 2437 nibil
1211 2372 1251 2437 ad
1279 2373 1443 2436 rationem.

491 2474 585 2553 Quod
607 2474 666 2537 etsi
691 2472 730 2536 dc
754 2471 924 2538 Platonicis
947 2474 1027 2539 ideis
1049 2473 1146 2561 possit
1172 2474 1319 2561 intelligi,
1334 2472 1444 2537 habita

491 2590 595 2641 tamen
618 2577 738 2641 ratione
760 2575 1029 2661 aequivocationis,
1046 2600 1112 2664 qua
1134 2600 1201 2653 ens,
1218 2578 1268 2641 vel
1290 2600 1358 2641 esse
1382 2574 1446 2639 dis-

490 2679 661 2767 tinguitur,
693 2702 751 2767 pro
780 2678 965 2745 diversitate
1003 2682 1234 2768 subjectorum,
1264 2682 1383 2769 species
1415 2695 1446 2746 et

490 2806 607 2871 genera
635 2795 810 2869 utrumque
841 2805 902 2847 non
933 2787 999 2848 sine
1029 2784 1161 2866 ratione,
1186 2806 1253 2849 esse
1283 2784 1445 2850 dicuntur.

492 2886 667 2953 Persuadct
689 2887 773 2951 enim
801 2890 894 2963 ratio,
912 2899 949 2951 ut
972 2909 1010 2950 ea
1035 2885 1184 2949 dicantur
1208 2910 1286 2967 esse,
1306 2907 1441 2972 quorum

490 2989 638 3077 exempla
663 2988 904 3075 conspiciuntur
930 2988 963 3051 in
991 2987 1315 3073 singularibusque?
1335 2986 1446 3050 nullus

488 3092 621 3176 ambigit
651 3114 727 3155 esse.
782 3089 853 3154 Non
884 3102 991 3155 autem
1023 3090 1067 3153 sic
1094 3090 1246 3154 dicuntur
1272 3112 1387 3173 genera
1412 3102 1444 3154 et

489 3193 608 3276 species
633 3192 826 3277 exemplaria
848 3192 1069 3276 singularium,
1093 3206 1141 3267 ut,
1163 3194 1261 3279 juxta
1287 3192 1443 3257 Platonici

489 3288 647 3371 dogmatis
676 3310 815 3363 sensum,
846 3289 957 3353 formae
986 3290 1049 3354 sint
1075 3291 1282 3377 exemplares,
1308 3314 1379 3378 quae
1409 3292 1442 3355 in

489 3402 594 3453 mente
623 3387 732 3452 divina
760 3387 1004 3474 intelligibiliter
1032 3394 1243 3470 constiterint,
1270 3407 1441 3477 antequam

488 3489 651 3578 prodirent
677 3491 709 3555 in
740 3513 890 3578 corpora:
932 3492 986 3557 sed
1013 3496 1175 3581 quoniam,
1201 3497 1225 3561 si
1257 3496 1330 3583 quis
1359 3498 1441 3583 ejus,

488 3591 575 3679 quod
617 3594 829 3657 communiter
857 3595 1043 3681 concipiter,
1073 3597 1186 3662 audito
1215 3597 1274 3662 hoc
1304 3599 1442 3677 nomine,

488 3697 591 3771 bomo,
611 3708 668 3759 aut
692 3695 780 3781 quod
804 3696 969 3775 delinitur,
990 3720 1092 3783 quum
1116 3698 1234 3765 dicitur
1258 3699 1352 3763 borno
1374 3722 1442 3763 esse

487 3794 603 3861 animal
625 3797 776 3861 rationale
801 3798 945 3876 mortale,
968 3814 1094 3887 quaerat
1116 3802 1310 3889 exemplum,
1333 3803 1440 3866 statim

487 3895 516 3961 ei
547 3895 641 3961 Plato
670 3896 791 3962 aliusve
820 3899 983 3966 bominum
1020 3902 1219 3987 singulorum
1247 3902 1440 3981 ostenditur,

487 4009 525 4062 ut
562 3999 772 4063 communiter
810 3999 1017 4085 significantis
1051 4016 1108 4068 aut
1143 4004 1322 4069 definientis
1359 4008 1442 4070 ratio

485 4098 649 4164 solidetur.
710 4101 848 4165 Possunt
878 4116 909 4164 et
942 4115 1082 4168 monstra
1112 4104 1187 4186 dici,
1213 4110 1363 4193 quoniam
1392 4106 1439 4169 in-

485 4200 586 4265 vicem
621 4220 671 4262 res
697 4199 838 4286 singulas
873 4216 1061 4282 monstrant,
1091 4219 1123 4270 et
1153 4219 1370 4272 monstrantur
1397 4207 1439 4270 ab

483 4301 547 4365 eis:
585 4300 623 4366 fit
652 4300 736 4364 enim
767 4322 851 4365 nunc
886 4324 943 4388 per
973 4304 1089 4390 priora,
1118 4328 1203 4372 nunc
1244 4330 1300 4394 per
1334 4319 1441 4394 poste·

487 4398 569 4465 riora
593 4422 698 4467 rerum
721 4401 943 4469 manifestatio.
988 4403 1073 4479 Quae
1095 4421 1201 4473 autem
1221 4407 1439 4473 communiora
