3625 5317
831 955 896 1027 VI.

423 1168 546 1242 vrrs
585 1168 772 1241 suucrr
811 1127 1018 1241 Tuours
1056 1162 1312 1239 clurulu.

792 1380 930 1419 AUCTORE

580 1531 760 1594 JOANNE
785 1526 1147 1594 SARESBERIENSI

667 1697 875 1743 cARNOTENsr
891 1697 1060 1743 Eprscopo.

829 1886 899 1900 ¹—

775 2046 956 2092 PROLOGUS.

435 2165 694 2228 sinuosis-omn
718 2164 888 2227 ecelesiam
910 2162 1032 2247 jugiter
1052 2164 1220 2247 impugnat
1241 2160 1343 2224 hostis

392 2265 551 2349 antiquus,
568 2264 626 2327 sed
641 2265 696 2349 qui
711 2264 814 2347 ipsum
838 2286 949 2328 cruore
969 2265 1100 2349 proprio
1123 2262 1257 2327 redemit
1279 2261 1345 2325 Dei

393 2365 506 2441 Filius,
523 2386 594 2428 eam
617 2364 772 2445 sanguine
795 2365 1009 2428 membrorum
1032 2385 1160 2428 suorum
1182 2365 1217 2426 iu
1239 2383 1344 2426 rerum

393 2465 506 2529 usserit
519 2475 552 2527 et
566 2464 712 2548 provehit
726 2465 902 2528 libertatem
915 2488 923 2543 ;
953 2463 986 2527 iu
1003 2467 1120 2549 quibus
1139 2464 1347 2549 praeeminent

395 2567 552 2650 gloriosus
573 2567 791 2648 apostolorum
814 2567 942 2641 chorus,
964 2579 995 2629 et
1020 2579 1202 2628 sanctorum
1229 2575 1346 2645 marty·

394 2687 462 2731 rum
479 2680 671 2750 purpuratus
683 2667 853 2741 exercitus,
865 2686 1001 2747 quorum
1017 2665 1164 2727 doctrina
1174 2663 1347 2747 compacti,

396 2789 530 2853 quorum
560 2766 711 2847 exemplo
740 2765 888 2838 roboreti,
916 2785 1051 2847 quorum
1081 2764 1234 2844 sanguine
1259 2763 1349 2826 velut

397 2875 555 2933 coemento
578 2876 610 2928 et
631 2865 722 2948 qussi
744 2865 866 2945 glutino
893 2863 1031 2951 quodum
1054 2864 1247 2928 consolidati
1273 2874 1349 2926 sunt

396 2971 460 3034 riri
474 2967 598 3050 lapides
612 2968 646 3030 in
662 2966 801 3030 aedilicio
817 2967 958 3048 corporis
974 2966 1103 3042 Christi,
1118 2978 1155 3029 ut
1175 2966 1348 3048 proficiens

397 3069 535 3136 ecclesia
549 3068 699 3132 dilatetur
720 3081 753 3131 et
775 3078 909 3147 crescat,
930 3088 1062 3133 numero
1078 3067 1222 3130 fidelium
1239 3077 1272 3130 et
1287 3066 1348 3128 rir-

397 3181 477 3246 tute,
499 3171 532 3232 iu
558 3169 710 3251 ternplum
734 3179 881 3232 salictum
903 3170 937 3231 in
961 3170 1112 3232 Domino.
1157 3169 1222 3232 Sed
1249 3188 1349 3253 quum

399 3293 511 3336 omnes
527 3281 678 3353 martyres
694 3270 932 3353 proerogatiuam
947 3270 1088 3334 habereut
1101 3271 1211 3353 gloriae
1233 3271 1350 3355 sempi-

399 3383 508 3448 temae,
522 3371 633 3434 titulus
652 3383 757 3434 tamen
779 3371 904 3434 illorum
928 3372 1078 3434 illustrior
1099 3385 1148 3436 est
1169 3374 1302 3447 caeteris,
1318 3382 1351 3436 et

399 3493 520 3538 corona
533 3471 651 3535 clarius
665 3471 776 3547 radiat,
788 3472 843 3555 qui
859 3471 981 3555 duplici
997 3472 1117 3536 honore
1133 3474 1222 3554 digni
1238 3474 1349 3538 docto·

399 3597 467 3640 rum
491 3574 664 3655 funguntur
684 3573 802 3650 ollieio,
820 3571 922 3635 forma
943 3573 1047 3654 gregis
1068 3593 1111 3636 ex
1132 3574 1239 3635 animo
1260 3575 1349 3646 facti,

400 3688 432 3740 et
445 3691 588 3760 tempore
602 3676 803 3740 necessitatis
825 3687 983 3757 ponentes
998 3673 1137 3737 animam
1160 3695 1219 3758 pro
1234 3676 1350 3739 oribus

402 3781 477 3845 suis.
523 3779 718 3842 sicutenim
743 3780 835 3842 stella
858 3801 877 3842 a
899 3779 993 3841 stella
1014 3777 1120 3841 differt
1140 3780 1174 3842 in
1197 3779 1352 3851 claritate,

402 3883 449 3944 sic
465 3879 497 3941 in
513 3879 739 3942 resurrectione
756 3892 941 3942 sanctorum
962 3879 1080 3959 singuli
1102 3880 1136 3942 iu
1159 3880 1270 3943 ordine
1292 3901 1353 3942 suo

399 3982 481 4066 justi
496 3979 663 4059 fulgebunt
681 3990 717 4042 ut
740 3980 861 4042 sideru:
893 3980 1005 4063 etqui
1027 3980 1179 4044 advitam
1202 3979 1354 4043 erudiunt

403 4083 531 4158 multos,
554 4093 647 4142 erunt
672 4089 708 4143 ut
730 4078 922 4142 firmamenti
947 4079 1102 4163 splendor
1124 4080 1157 4142 in
1183 4093 1354 4163 perpetuas

407 4182 607 4246 eternitates.
652 4179 778 4251 Quibus
796 4179 868 4262 jure
885 4192 918 4242 et
931 4181 1045 4243 merito
1069 4192 1199 4244 sauctus
1214 4179 1357 4244 Cuntua·

407 4283 525 4347 riorum
541 4281 782 4365 arciepiscopus
797 4279 941 4344 Thomas
956 4279 1167 4344 associandus
1182 4290 1240 4356 est,
1250 4292 1287 4345 ut
1302 4284 1357 4366 qui

409 4380 532 4446 exstitit
553 4401 611 4464 pro
627 4380 755 4445 Christo
774 4380 880 4444 socius
896 4379 1110 4444 tribulationis
1132 4393 1165 4443 et
1187 4381 1361 4463 patientioe,
