3625 5317
761 790 985 837 struamus.

394 940 477 1019 Quid
494 940 553 1007 nisi
569 940 709 1007 fortuna
724 938 805 1018 ludi,
820 941 1043 1027 phantasmata
1057 936 1192 1004 mundi?

479 1040 540 1109 His
554 1044 669 1111 etenim
688 1043 790 1107 visum
805 1043 966 1129 praestruit
984 1042 1039 1109 illa
1048 1042 1140 1129 jocis.

391 1146 555 1231 Praestigio
569 1158 638 1213 rota
653 1144 791 1211 tortunae
807 1145 979 1211 conformis
992 1146 1080 1211 inani
1280 1152 1344 1211 253

477 1249 621 1315 Dedocet
636 1249 789 1327 infirmos,
804 1272 886 1335 quos
900 1249 1046 1315 docuisse
1062 1257 1185 1336 potest:

392 1351 540 1417 Ostentat
554 1349 649 1415 falsas
664 1350 785 1436 species
799 1364 831 1415 et
848 1370 949 1435 parva
965 1349 1066 1413 videri
1173 1423 1177 1431 ,

478 1456 610 1538 Magna,
626 1452 677 1517 vel
691 1474 708 1515 e
723 1460 834 1515 contra
847 1449 983 1536 grandia
996 1472 1095 1537 parva
1109 1450 1198 1527 lacit,

395 1553 556 1619 Adversas
571 1554 666 1619 rebus
681 1553 777 1617 iacies
791 1552 915 1617 inducit
931 1565 963 1617 et
979 1552 1041 1617 illis

480 1657 575 1721 Ponit
589 1656 630 1721 ad
646 1653 815 1720 arbitrium
831 1652 960 1719 nomina
972 1653 1054 1718 l'alsa
1070 1674 1178 1733 suum,
1282 1653 1345 1717 260

395 1758 461 1823 Res
475 1758 570 1823 salsas
585 1754 720 1844 aliquid,
735 1767 768 1819 et
783 1776 833 1819 res
848 1776 940 1821 veras
954 1753 1036 1819 nihil
1051 1778 1121 1821 esse

480 1860 601 1945 Fingit,
617 1872 654 1925 ut
668 1856 816 1922 occludat
832 1855 876 1921 sic
892 1856 1025 1923 rationis
1039 1855 1110 1922 iter.

394 1962 549 2038 Quamvis
563 1961 695 2027 larvales
710 1960 840 2023 inducat
857 1958 944 2023 mille
959 1959 1091 2045 figuras,

483 2061 555 2127 Non
570 2075 655 2129 caret
673 2060 806 2127 arbitrio
821 2060 1027 2148 Philosophia
1041 2083 1110 2127 suo.

689 2165 739 2229 De
753 2163 898 2227 libertate
912 2164 1051 2229 arbitrii,

392 2267 506 2353 Exigit
521 2264 645 2331 arbitrii
661 2265 791 2331 libertas
807 2280 881 2329 ¹nera
897 2264 1036 2331 duorum
1067 2328 1072 2337 ,
1281 2271 1346 2331 26⁶

480 2368 678 2443 Subsidium,
693 2367 759 2432 sine
774 2390 841 2453 quo
857 2389 945 2431 mens
960 2390 1014 2433 rea
1029 2389 1136 2455 pressa
1146 2366 1246 2452 jacet,

394 2468 519 2535 Scilicet
535 2485 571 2536 ut
587 2471 668 2535 ratio
682 2483 768 2534 recte
783 2470 942 2535 discernat
958 2483 1110 2557 ametque

481 2573 611 2658 Semper
626 2571 658 2636 id
674 2569 814 2651 affectus,
830 2571 917 2656 quod
933 2572 987 2657 pia
996 2573 1072 2658 jura
1087 2572 1239 2657 probant.

393 2674 467 2738 Non
483 2686 634 2758 praestare
650 2685 753 2759 potest
770 2671 852 2736 illud
868 2684 986 2736 natura
1000 2673 1146 2750 subacta,

480 2774 583 2850 Quam
600 2775 717 2859 premit
732 2770 853 2836 inflicto
869 2770 997 2835 vulnere
1011 2772 1107 2857 culpa
1119 2794 1234 2837 comes.
1280 2778 1345 2836 2⁷0

393 2872 499 2959 Culpa
514 2874 625 2939 fovens
638 2894 765 2960 poenam
781 2870 911 2937 rationis
927 2872 1037 2938 turbat
1052 2894 1199 2950 acumen,

478 2974 633 3060 Velleque
649 2972 840 3059 precipitat,
856 2994 914 3036 nec
929 2970 1002 3037 sinit
1017 2996 1085 3038 csse
1100 2973 1202 3059 pium.

394 3075 507 3141 Gratia
522 3088 670 3139 naturam
687 3096 836 3161 reparans
851 3073 983 3139 rationis
996 3098 1129 3141 acumen

481 3176 607 3262 Purgat
623 3194 655 3243 et
670 3176 803 3241 affectus
817 3189 975 3261 temperat
990 3190 1090 3264 atque
1104 3177 1198 3264 regit,

392 3280 527 3345 Liberat
543 3278 723 3357 arbitrium,
739 3276 930 3356 acdeorum,
946 3301 1030 3365 quos
1044 3280 1097 3365 pia
1112 3293 1214 3348 mater
1284 3287 1348 3347 2⁷5

479 3380 654 3447 Consecrat
669 3380 711 3445 ad
726 3378 864 3460 cultum,
881 3378 1100 3467 Philosophia,
1116 3396 1218 3449 tuum.

716 3482 804 3558 Quid
814 3482 1026 3566 philosophia.

395 3583 602 3670 Philosophia
618 3583 697 3669 quid
714 3596 773 3661 est,
790 3582 850 3648 nisi
865 3582 947 3662 fons,
962 3584 1024 3661 via,
1040 3584 1174 3672 duxque
1188 3585 1311 3666 salutis,

484 3684 558 3751 Lux
575 3686 700 3761 animm,
716 3686 792 3751 vitae
807 3684 931 3769 regula,
946 3698 1040 3771 grata
1053 3686 1169 3772 quies?

393 3790 466 3852 Non
482 3785 630 3872 equidem
646 3802 753 3850 motus
767 3782 852 3849 valet
866 3788 1042 3871 exstirpare
1056 3784 1217 3866 molestos,

480 3884 541 3951 Sed
558 3908 677 3951 nocuos
692 3885 837 3971 reprimit
853 3899 885 3950 et
900 3885 1022 3949 ratione
1037 3885 1167 3964 domam
1282 3892 1348 3955 280

394 3986 462 4051 Nec
479 3999 573 4052 nocet
586 3985 725 4051 assultus
741 3984 840 4049 hostis
855 3984 969 4049 leviter
983 3984 1131 4071 perituri,

478 4086 543 4164 Qui
560 4100 679 4165 manet,
695 4100 731 4153 ut
747 4098 868 4163 noceat,
886 4085 987 4150 bestia
1003 4109 1088 4154 saeva
1103 4088 1216 4155 minua.

393 4192 486 4267 Quod
502 4191 765 4275 superbiamus
786 4193 896 4272 pestis,
912 4190 973 4269 illi,
989 4192 1075 4273 quod
1092 4198 1237 4275 occupat,
1253 4211 1347 4255 mem·

755 4292 847 4356 hum
863 4298 985 4378 aufert.

394 4396 505 4464 Bestia
521 4420 606 4463 soeva
621 4397 705 4481 rapit
721 4396 899 4461 membrum
915 4395 956 4460 ‹lc
971 4415 1103 4479 corpore
1118 4392 1194 4459 loeso
