3625 5317
447 788 485 846 12
711 802 849 847 Joauurs
864 803 1142 851 saansaamausrs
1276 788 1359 869 [ara.
1376 810 1398 855 1.

447 951 574 1017 videtur
600 974 667 1016 esse
696 953 944 1018 accommodum.
989 958 1096 1034 Quum
1125 978 1200 1022 vero
1229 958 1397 1024 beatitudo

446 1052 677 1118 communionis
691 1054 813 1137 ignara,
825 1078 899 1142 quae
915 1069 971 1121 aut
987 1060 1092 1144 qualis
1106 1070 1199 1122 extra
1213 1063 1396 1125 societatem

446 1158 500 1229 sit,
515 1178 572 1219 nec
587 1154 663 1239 fingi
680 1155 808 1241 quidem
826 1159 945 1241 possit;
974 1159 1120 1247 quisquis
1135 1182 1182 1237 ea,
1198 1184 1274 1246 quae
1288 1161 1397 1247 adjus

444 1260 592 1323 humanae
604 1259 773 1336 societatis,
785 1264 869 1346 (quae
881 1261 1116 1347 quodammodo
1124 1260 1262 1326 liliorum
1275 1276 1399 1327 naturae

445 1358 538 1423 unica
560 1370 591 1422 et
619 1357 787 1441 singularis
811 1360 995 1426 fraternitas
1015 1368 1086 1443 est)
1110 1363 1341 1427 conciliandum
1365 1376 1398 1427 et

444 1457 615 1521 fovendum
649 1457 832 1540 proficiunt,
861 1461 1042 1546 impugnat,
1071 1463 1153 1526 viam
1183 1463 1397 1549 adipiscendae

444 1558 608 1623 felicitatis
633 1559 782 1622 omnibus
809 1560 938 1625 videtur
962 1562 1145 1627 obstruere:
1182 1577 1214 1629 et
1240 1565 1396 1652 praecluso

443 1661 531 1747 pacis
552 1660 655 1738 aditu,
678 1671 714 1724 ut
735 1662 767 1725 in
791 1684 823 1724 se
843 1677 1033 1727 concurrant
1052 1665 1093 1729 ad
1114 1666 1278 1730 interitum
1299 1666 1396 1744 orbis,

443 1779 566 1829 naturae
588 1761 705 1827 viscera
727 1763 867 1827 incitare.
915 1764 988 1828 Hoc
1014 1765 1143 1851 quidem
1170 1780 1218 1830 est
1243 1772 1396 1831 seminare

443 1866 523 1930 inter
537 1867 651 1930 fratres
671 1865 872 1943 discordiam,
888 1865 948 1929 hoc
967 1888 1055 1929 arma
1074 1868 1253 1932 ministrare
1267 1890 1396 1953 compo-

444 1966 531 2039 sitis3
559 1966 619 2027 hoc
633 1964 772 2049 denique
789 1966 916 2028 firmare
935 1988 1052 2030 novum
1073 1981 1105 2033 et
1128 1991 1277 2053 magnum
1301 1969 1396 2033 clraos

444 2067 526 2129 inter
546 2069 651 2130 Deum
668 2074 700 2127 et
721 2064 879 2127 homines:
912 2066 955 2130 sic
969 2068 1052 2132 enim
1068 2070 1109 2133 ad
1124 2070 1273 2133 firmioris
1291 2093 1395 2135 nexus

443 2188 637 2251 compagem,
650 2175 682 2228 et
696 2165 836 2230 caritatis
848 2165 1036 2245 custodiam,
1048 2170 1264 2234 univcrsitatis
1276 2184 1395 2256 partes,

442 2268 579 2331 creatrix
601 2266 752 2343 Trinitas,
773 2270 968 2331 Deua-unus
987 2281 1018 2332 et
1040 2292 1145 2343 verus,
1166 2270 1338 2348 ordinavit,
1358 2282 1394 2335 ut

442 2369 573 2433 alterius
595 2390 654 2453 ope
678 2389 727 2431 res
748 2366 847 2431 altera
868 2368 1034 2451 indigeret,
1056 2382 1089 2434 et
1111 2371 1211 2434 altera
1232 2369 1393 2434 defectum

442 2469 602 2556 suppleret
615 2468 763 2547 alterius;
785 2470 861 2534 dum
875 2484 949 2535 aunt
960 2471 1085 2556 singula
1093 2471 1184 2558 qnasi
1197 2470 1394 2555 singulorum

442 2572 593 2637 membra.
639 2571 818 2657 Semiplena
834 2587 907 2636 sunt
924 2596 1001 2658 ergo
1020 2574 1137 2649 omnia,
1153 2573 1179 2638 si
1196 2574 1237 2636 ab
1258 2573 1394 2637 invicem

441 2672 675 2746 dissolventem
721 2673 775 2737 sed
814 2671 948 2736 aliorum
987 2674 1196 2736 foederatione
1233 2673 1392 2758 perfecta:

440 2775 591 2862 quoniam
614 2773 719 2838 omnia
745 2774 866 2839 mutuis
886 2787 1032 2840 constant
1055 2775 1192 2841 auxiliis.
1237 2777 1323 2852 Quid
1350 2777 1392 2840 ad

440 2877 667 2942 beatitudinem
683 2876 887 2942 obtinendam
901 2876 1020 2941 virtute
1034 2875 1171 2954 fidelius,
1183 2890 1240 2942 aut
1256 2878 1392 2943 utilius?

440 2978 525 3055 Quid
540 2978 817 3063 compendiosius?
848 2978 917 3041 hoec
932 2993 979 3042 est
995 2978 1078 3040 enim
1094 2978 1161 3042 lere
1177 2978 1347 3063 singularis
1360 2992 1392 3045 et

439 3080 532 3145 unica
552 3081 614 3159 via,
629 3102 726 3166 quam
747 3081 787 3142 ad
810 3079 1041 3144 beatitudinem
1063 3084 1167 3164 gratia
1188 3083 1391 3167 praeparavit.

440 3184 521 3245 Nam
545 3183 603 3266 qui
626 3184 705 3244 citra
721 3181 849 3245 virtutis
864 3183 1011 3246 meritum
1033 3182 1118 3246 beati
1136 3183 1230 3257 fiunt,
1246 3204 1308 3245 non
1326 3196 1390 3249 tam
1433 3259 1436 3264 ⁴

438 3281 943 3369 eundoillucperveniunt,quam
956 3285 1138 3349 trahuntur.
1168 3284 1391 3370 Miroritaque

439 3390 514 3465 (non
538 3396 642 3449 umen
665 3382 751 3460 satis,
771 3383 847 3469 quia
869 3406 931 3447 non
955 3389 1109 3471 possum)
1129 3382 1209 3470 quid
1229 3382 1289 3446 sibi
1310 3384 1392 3467 vult,

437 3486 493 3571 qui
504 3486 695 3571 eloquentiae
708 3498 801 3569 negat
814 3509 879 3549 esse
891 3486 1084 3550 studendum
1096 3512 1105 3560 ς
1130 3490 1296 3571 ipsamque
1307 3486 1389 3549 sicut

437 3586 537 3648 visum
564 3606 626 3647 non
650 3604 746 3665 eoeco,
769 3584 914 3649 auditum
939 3608 999 3649 non
1027 3586 1136 3661 surdo,
1159 3586 1269 3650 asserit
1289 3586 1389 3671 gratis

436 3710 455 3750 a
471 3698 585 3751 natura
600 3688 761 3771 pervenire
778 3687 816 3761 ei,
829 3688 883 3772 qui
897 3703 1007 3752 mutus
1018 3709 1079 3750 uon
1091 3699 1158 3751 est:
1181 3686 1235 3750 aad
1252 3685 1388 3771 plenius,

437 3788 462 3851 si
479 3802 602 3853 naturae
615 3809 740 3864 munus,
753 3788 903 3851 exercitio
918 3790 1096 3867 roboretur,
1107 3810 1163 3851 nac
1178 3801 1283 3852 tamen
1296 3789 1389 3852 bene-

436 3890 546 3955 ficium
561 3890 690 3975 aliquod
707 3891 748 3954 ab
762 3903 830 3955 arte
846 3890 1010 3977 praestari:
1035 3903 1091 3953 aut
1113 3888 1145 3952 id
1161 3890 1277 3967 minus,
1291 3912 1388 3975 quam

436 3989 526 4054 labor
553 3991 631 4057 artis
656 4007 816 4079 exposcat.
872 3993 963 4059 Sicut
993 3993 1075 4055 enim
1105 3992 1299 4078 eloquentia,
1325 4014 1388 4057 non

435 4094 525 4157 modo
547 4098 716 4159 temerario
738 4106 795 4169 est,
812 4094 864 4157 sed
885 4095 980 4159 etiam
995 4116 1088 4174 caeca,
1102 4117 1198 4180 quam
1222 4096 1303 4157 ratio
1325 4116 1389 4157 non

435 4192 594 4267 illustrat;
619 4195 663 4259 sic
679 4207 710 4258 et
727 4194 890 4281 sapientia,
901 4218 976 4280 quoe
991 4217 1052 4257 usu
1069 4194 1158 4258 verbi
1173 4216 1235 4257 nou
1251 4194 1390 4280 prolicit,

435 4317 496 4360 non
513 4297 610 4360 modo
625 4296 738 4360 debilis
753 4310 811 4372 est,
825 4296 878 4360 sed
896 4297 1035 4381 quodam
1053 4297 1148 4360 modo
1159 4318 1289 4360 manca:
1313 4296 1386 4359 licet

436 4398 517 4461 cnim
535 4398 729 4481 quandoque
741 4398 941 4484 aliquatenus
956 4398 1016 4462 sibi
1030 4398 1178 4484 prodesse
1189 4397 1289 4483 possit
1305 4396 1388 4481 sapi-
