3625 5317
391 822 462 867 cae.
477 804 548 882 xie]
743 818 987 864 neranoorcus.
1282 802 1343 861 109

391 986 479 1051 sunt,
504 984 535 1037 et
562 970 668 1059 priora
691 969 820 1057 quidem
844 970 1042 1056 simpliciter,
1065 972 1137 1033 nam
1160 978 1192 1032 et
1215 969 1248 1032 in
1272 968 1343 1032 aliis

388 1072 632 1158 intelliguntur:
657 1094 732 1159 quae
749 1094 824 1136 vero
846 1070 1033 1157 singularia,
1048 1069 1231 1158 posteriora.
1278 1069 1341 1135 Sed

388 1173 577 1261 plerumque
604 1196 676 1260 quaa
706 1172 894 1239 naturaliter
919 1173 1027 1259 priora
1055 1182 1141 1247 sunt,
1168 1184 1201 1236 et
1230 1170 1343 1237 notitia

386 1276 572 1362 simpliciter
600 1275 760 1360 ignotiora
789 1289 866 1341 sunt
895 1275 999 1341 nobis
1047 1277 1198 1361 Namque
1228 1272 1341 1351 solida,

387 1378 489 1463 magis
516 1375 721 1441 familiariora
751 1390 826 1442 sunt
857 1376 1021 1441 sensibus:
1060 1398 1135 1462 quae
1164 1398 1239 1439 vero
1268 1374 1343 1439 sub-

387 1478 502 1554 tiliora,
532 1480 661 1565 longius
690 1480 819 1545 absunt.
864 1480 914 1543 Ut
944 1478 1040 1553 enim,
1065 1478 1111 1542 ait
1140 1476 1341 1551 Aristoteles,

386 1592 556 1666 punctum,
580 1578 671 1665 prius
697 1592 745 1643 est
771 1578 862 1648 linea,
885 1591 917 1642 et
941 1577 1130 1663 simpliciter
1151 1576 1341 1651 evidentius,

387 1681 433 1746 sic
460 1694 493 1745 et
515 1678 599 1743 linea
627 1680 804 1765 superficie,
828 1680 1013 1765 superficies
1042 1678 1214 1755 soliditate,
1237 1679 1344 1743 unitas

387 1800 536 1857 numero,
548 1778 698 1865 quoniam
710 1779 781 1865 ejus
792 1779 984 1865 principium
1001 1792 1048 1841 est
1060 1803 1068 1842 t
1082 1778 1191 1842 littera
1202 1800 1343 1864 quoque,

387 1902 486 1967 quam
512 1878 645 1967 syllaba,
666 1894 697 1945 et
719 1882 762 1945 sic
786 1883 818 1945 in
845 1880 926 1946 aliis.
972 1879 1074 1944 Nobis
1098 1891 1202 1944 tamen
1229 1903 1247 1943 e
1272 1901 1346 1943 con-

388 1982 486 2049 trario
508 1982 703 2069 quaudoque
725 1982 857 2048 accidit:
885 2005 958 2046 narn
978 1982 1047 2047 haec
1069 1980 1211 2068 quidem,
1232 1980 1344 2058 idest,

389 2084 576 2173 posteriora,
597 2088 698 2170 magis
720 2085 885 2172 quolibet:
910 2084 966 2150 illa
985 2098 1093 2150 autem
1113 2084 1229 2171 priora,
1244 2084 1345 2171 magis

390 2186 510 2268 subtili,
536 2200 568 2251 et
592 2186 767 2252 abundanti
800 2187 964 2252 intellectu
994 2186 1259 2272 comprehendere
1284 2202 1344 2254 est.

391 2288 488 2352 Unde
513 2288 586 2353 lieet
612 2311 669 2375 per
695 2288 802 2376 priora
828 2289 942 2353 melius
967 2288 1023 2353 liat
1045 2288 1216 2374 assignatio
1240 2303 1344 2376 poste·

393 2391 524 2473 riorum,
548 2405 580 2457 et
606 2392 869 2479 disciplinabilius
896 2393 936 2457 sit
963 2393 1023 2457 hoc
1053 2393 1174 2478 ubique
1199 2404 1341 2469 tentare;

392 2507 526 2579 urgente
542 2507 646 2559 tamen
668 2494 863 2577 necessitate,
882 2495 924 2559 ob
941 2495 1160 2582 impotentiam
1181 2519 1344 2572 sensuum,

391 2598 535 2681 priorum
548 2618 632 2682 saepe
646 2596 682 2661 fit
700 2618 756 2683 per
771 2598 948 2683 posteriora
963 2597 1164 2684 explanatio:
1189 2616 1226 2663 ut
1241 2622 1344 2685 quum

389 2695 506 2763 dicitur
532 2710 687 2784 punctum
715 2698 816 2775 lineae,
837 2697 922 2763 linea
945 2699 1135 2786 superficiei,
1160 2700 1344 2785 superficies

393 2799 572 2877 soliditatis,
604 2799 758 2865 terminus
784 2822 860 2865 esse.
911 2804 993 2865 Item
1020 2802 1127 2865 unitas
1152 2800 1343 2886 principium

389 2901 523 2981 numeri,
547 2914 740 2966 momentum
773 2901 939 2987 temporis,
962 2901 1115 2966 orationis
1142 2901 1345 2965 elementum.

391 3004 474 3067 Sunt
490 3004 599 3087 itaque
615 3024 731 3087 genera
742 3014 774 3065 et
786 3002 907 3089 species
922 3002 1116 3089 exemplaria
1128 3002 1343 3088 singulorum:

389 3104 446 3173 sed
465 3106 524 3167 hoc
539 3103 669 3189 quidem
686 3103 786 3189 magis
800 3103 841 3169 ad
859 3104 1012 3168 rationem
1027 3104 1180 3171 doctrinae
1198 3104 1238 3188 (si
1253 3107 1347 3170 Aris·

390 3205 506 3273 toteles
520 3228 612 3270 verus
626 3210 689 3291 est)
706 3229 801 3293 quarn
818 3206 859 3271 ad
872 3229 999 3272 causam
1015 3209 1175 3274 esseutiae:
1201 3208 1345 3296 procedit

391 3322 423 3375 et
438 3308 508 3375 haec
523 3322 723 3374 monstruosa
739 3309 786 3388 (ut
803 3308 949 3376 licentius
963 3310 1103 3399 loquar‚)
1120 3312 1343 3400 figmentorum

393 3409 567 3497 speculatio
589 3433 690 3498 usque
712 3411 752 3475 ad
777 3413 1014 3479 ventilationem
1035 3413 1254 3500 singularium.
1299 3416 1345 3481 Et

393 3535 491 3599 quum
514 3512 668 3599 quaelibet
684 3515 934 3581 substantiarum
951 3540 991 3582 ex
1006 3518 1258 3605 proprietatibus
1272 3540 1347 3583 con-

393 3628 467 3696 stet,
493 3638 630 3702 quarum
659 3617 802 3684 collectio
822 3619 931 3684 eadem
958 3642 1022 3683 non
1045 3621 1203 3707 reperitur
1228 3620 1261 3684 in
1282 3619 1346 3685 alio

395 3716 607 3782 abstrahentis
626 3718 807 3784 intellectus
826 3742 934 3806 opera,
949 3744 1008 3808 per
1027 3746 1060 3786 se
1082 3744 1147 3786 rem
1169 3721 1345 3808 quamlibet

390 3818 633 3906 contemplatur.
678 3822 786 3899 Quum
802 3823 885 3886 euim
903 3822 996 3888 Plato
1010 3846 1077 3888 esse
1092 3845 1154 3887 non
1176 3824 1276 3911 possit
1297 3824 1345 3888 in·

393 3922 515 4001 formis,
530 3936 562 3989 et
582 3947 697 4012 expers
720 3924 790 4000 loci,
807 3939 862 3991 aut
884 3930 1048 4013 temporis,
1063 3950 1136 3992 eum
1155 3929 1238 3993 ratio
1251 3930 1345 4016 quasi

393 4024 527 4101 nudum,
552 4025 692 4092 deducto
713 4044 859 4115 respectu
883 4032 1087 4116 quantitatis,
1111 4043 1143 4094 et
1169 4030 1346 4117 qualitatis,

394 4126 594 4215 aliorumque
617 4129 840 4208 accidentium,
862 4130 1047 4218 simpliciter
1067 4133 1224 4208 intuetur,
1245 4148 1277 4197 et
1298 4135 1346 4196 in·

393 4228 562 4295 dividuum
589 4231 742 4298 nominat.
789 4232 850 4297 Sed
879 4246 910 4297 et
937 4234 997 4298 hoc
1023 4234 1135 4320 utique
1160 4230 1346 4297 doctrinalis

392 4330 566 4408 instantiae,
592 4344 624 4395 et
655 4330 829 4396 subtilioris
858 4332 1040 4415 agitationis
1068 4333 1257 4417 figmentum
1286 4342 1345 4395 est.

393 4430 484 4497 Nihil
507 4433 590 4499 enim
615 4433 677 4498 tale
700 4437 730 4498 in
756 4434 850 4499 rebus
872 4435 1028 4499 occurrit:
1053 4433 1117 4505 tale
1137 4430 1216 4517 quid
1239 4446 1346 4499 tamen
1439 4458 1445 4469 ·
