3625 5317
737 779 962 826 recusemus.
1259 765 1322 826 793

369 933 515 1018 Fureque
531 933 678 1012 deterior,
693 934 745 998 cui
760 955 810 997 res
825 935 1006 998 extrinsece
1020 932 1110 998 cordi
1126 941 1186 1013 est,
1238 937 1320 998 1695

456 1036 500 1099 Ut
515 1046 640 1101 mentes
655 1033 785 1119 proprio
799 1035 921 1099 lumine
936 1034 1072 1112 frendet,
1086 1036 1162 1118 ugit,

367 1137 439 1200 Nec
455 1139 549 1202 rebus
564 1138 677 1221 percit,
693 1138 791 1200 stulto
807 1121 890 1222 quas¹
902 1138 1002 1200 tutius
1016 1136 1118 1201 eusert
1128 1161 1145 1214 ;,

455 1241 541 1303 Nem
556 1240 686 1323 sepiens
701 1239 812 1321 vigilat
826 1248 859 1301 et
873 1237 1065 1301 suademus
1079 1223 1183 1314 curet,

367 1342 456 1406 Dicit
471 1342 567 1418 euim,
583 1339 659 1404 dum
675 1340 821 1402 fallacem
838 1339 1059 1423 cupidumque
1073 1340 1210 1421 repellit,

452 1445 648 1520 Assentetor‚
663 1441 726 1519 sbi,
743 1441 846 1521 Zoilo,
860 1449 892 1502 te
908 1439 1014 1503 rideo.
1235 1446 1317 1506 1700

737 1545 790 1606 De
803 1543 945 1607 Matone.

365 1645 494 1710 Miraris
509 1645 645 1710 semulos
660 1645 741 1708 sulse
756 1644 891 1708 cessisse
907 1643 1057 1708 Mathoni
1070 1667 1079 1720 ;

453 1747 529 1810 Hoc
545 1766 636 1808 meus
651 1745 748 1829 plene
763 1743 857 1822 dolis,
872 1743 935 1807 hoc
951 1745 1037 1808 mele
1050 1746 1162 1827 lingue
1176 1745 1265 1824 fucit,

367 1847 445 1910 Hoc
460 1847 639 1910 auditorum
654 1845 777 1922 levites,
792 1857 827 1908 ut
842 1845 950 1908 tressis
965 1867 1063 1927 egeso

453 1949 560 2013 Possit
574 1950 615 2013 ab
631 1948 758 2030 ingrate
772 1947 890 2030 pellere
906 1967 1066 2031 quemque
1081 1949 1188 2014 domo.

365 2049 526 2115 Credulus
541 2048 668 2113 auditor
684 2047 740 2111 fidi
757 2049 919 2132 vetulique
934 2049 1062 2113 clientis
1236 2056 1318 2116 1705

454 2153 628 2216 Immemor
642 2161 692 2216 est
706 2162 739 2215 et
753 2161 840 2215 emet
854 2171 981 2233 semper
993 2151 1115 2216 hebere
1130 2173 1239 2217 novos.

367 2254 454 2317 Nem
470 2253 616 2337 quotiens
631 2253 716 2317 facili
731 2252 816 2338 pede
832 2253 904 2316 cilis
918 2253 953 2314 in
969 2274 1042 2316 eure
1057 2267 1208 2332 susurret,

453 2354 595 2419 Toxicut
614 2355 746 2420 interius
761 2353 866 2418 cordis
881 2366 914 2417 et
927 2354 992 2417 oris
1006 2376 1099 2438 opus.

369 2458 504 2534 AEtetes‚
519 2477 634 2531 mores,
651 2457 804 2535 fortunas,
819 2455 1024 2521 conditiones

453 2559 569 2622 Versat
583 2569 615 2623 et
630 2559 786 2643 appendit
800 2559 945 2640 garrulus
961 2571 1035 2623 ente
1051 2560 1166 2624 locum.
1235 2564 1318 2626 1710

367 2659 450 2744 Ejus
465 2661 506 2722 ab
522 2660 651 2724 arbitrio
667 2659 816 2724 dominus
831 2660 913 2722 male
929 2680 1026 2722 sunere
1040 2669 1073 2722 et
1087 2682 1203 2725 excors

453 2763 518 2825 Aut
532 2763 606 2826 beat
620 2771 675 2824 eut
689 2770 828 2843 torquet,
842 2758 912 2822 odit
926 2770 1049 2821 amatve
1064 2781 1149 2825 suos.

367 2862 483 2925 Infelix
499 2863 597 2942 igitur
611 2859 725 2922 domus
740 2869 836 2923 estet
852 2879 951 2942 poene
964 2859 1133 2938 bonorum,

456 2963 537 3039 Quae
553 2970 675 3024 rectore
691 2980 803 3024 cereus
819 2961 878 3023 sub
894 2959 1045 3024 ciniflone
1061 2963 1171 3042 gemit,

368 3065 490 3129 Infelix
504 3061 655 3146 equidem
671 3061 766 3124 nimis
781 3073 829 3126 est
843 3073 876 3124 ct
890 3061 1000 3145 praede
1014 3064 1177 3141 volonum,
1237 3069 1320 3132 1715

456 3166 537 3237 Quae
553 3161 659 3246 rejicit
674 3173 796 3224 veteres
811 3181 878 3224 nou
894 3161 1027 3225 lmiture
1040 3164 1144 3228 noris.

369 3268 483 3332 Stellio
499 3266 539 3330 de
555 3263 645 3328 furtis
659 3264 817 3327 maculam
834 3264 994 3328 contruxit
1007 3264 1148 3344 inanem,

456 3370 526 3432 Nec
543 3377 593 3432 est
607 3367 666 3444 sur,
681 3387 722 3429 ex
737 3385 802 3448 quo
819 3365 942 3429 destitit
955 3388 1026 3431 esse
1039 3389 1124 3433 reus.

587 3465 732 3531 Decitio
747 3464 877 3528 incidire
893 3476 925 3529 et
939 3487 1014 3530 curo
1029 3467 1104 3554 ejus.

368 3570 521 3657 Subjacet
533 3570 661 3635 invidie
677 3569 824 3633 stimulus
841 3589 911 3632 sors
924 3569 1010 3646 laete,
1025 3570 1187 3653 miserque

456 3673 552 3738 Solus
567 3674 608 3736 eb
625 3672 674 3735 his
689 3671 783 3749 liber,
797 3671 884 3734 solus
900 3681 932 3733 et
945 3669 1038 3732 hoste
1053 3680 1152 3734 curet.
1237 3677 1321 3738 1720

369 3773 465 3837 Livor
478 3773 564 3837 edax
578 3773 658 3836 alios
672 3772 749 3836 dum
763 3771 879 3836 ledere
895 3770 991 3853 gestit
1005 3781 1042 3848 et,
1051 3769 1143 3852 ignes

456 3874 599 3952 Excitet,
615 3873 771 3956 imprimis
785 3873 885 3936 uritur
898 3873 975 3952 igne
991 3892 1061 3934 suo.

368 3975 626 4058 Cout'oditurque
642 3975 709 4037 suis
725 3975 871 4052 stimulis,
886 3995 922 4036 se
937 3972 1034 4037 dente
1050 3984 1186 4040 cruento

455 4072 557 4137 Redit
570 4083 602 4137 et
617 4074 758 4156 impulsu
773 4072 897 4156 depcrit
912 4093 1015 4157 usque
1030 4095 1099 4139 suo.

369 4177 476 4240 Nemo
490 4175 575 4240 valet
588 4193 711 4237 morsus
726 4174 904 4257 rictumque
921 4196 1034 4240 cerere
1050 4177 1214 4255 caninum,
1239 4184 1321 4244 1715

455 4276 545 4349 Quos
569 4275 692 4350 schole,
718 4295 800 4357 quos
823 4275 1009 4357 claustrum,
1035 4296 1116 4360 quos
1139 4277 1226 4343 foret
1248 4282 1323 4352 aule

585 4397 716 4441 nocens.
