3625 5317
377 748 530 833 enorum]
716 768 957 815 narmoorous.
1262 750 1325 813 llo

375 918 515 1004 positum
532 917 661 984 habebit
676 918 909 993 authenticum,
924 942 962 983 co
976 920 1063 1005 quod
1079 919 1160 985 illud
1176 920 1326 985 coriscus

377 1018 486 1083 Brisso
501 1017 648 1104 protulit,
660 1030 716 1081 aut
733 1016 893 1095 Melissus,
905 1041 998 1105 reque
1011 1040 1120 1085 omues
1135 1019 1247 1105 ignoti,
1264 1018 1324 1083 nisi

375 1128 532 1201 quatenus
569 1119 610 1183 ab
641 1120 814 1183 Aristotele
852 1118 991 1205 exempli
1024 1118 1141 1203 gratia,
1170 1118 1324 1183 nominati

374 1220 473 1280 sunt?
511 1217 1328 1306 Etilludidemreprobabit‚eoqucdwilleberto,

374 1315 565 1395 Abuelsrdo,
589 1331 621 1383 et
643 1318 746 1381 Adam
765 1330 886 1395 nostro,
910 1318 951 1382 sit
967 1319 1155 1403 prolatum?
1200 1320 1326 1405 Utique

374 1438 435 1481 nou
459 1439 529 1483 sum
553 1442 593 1483 ex
615 1420 671 1495 eis,
695 1417 751 1504 qui
772 1419 856 1483 bona
878 1420 1031 1504 temporis
1051 1421 1101 1485 sui
1122 1420 1271 1497 oderunt,
1293 1433 1326 1485 et

374 1532 550 1583 oooetuneos
580 1542 654 1583 suos
690 1515 852 1582 invideant
883 1518 1102 1582 commendare
1139 1518 1325 1603 posteritati.

375 1622 480 1683 Nemo
501 1630 694 1691 nostrorum,
717 1639 812 1702 quem
845 1618 995 1697 noverim,
1017 1619 1150 1683 asseruit
1177 1619 1326 1704 quoniam

372 1743 437 1784 nou
453 1732 502 1784 est
517 1720 741 1792 contradicere,
757 1729 813 1782 aut
836 1717 924 1803 quod
940 1716 1059 1781 moveri
1073 1740 1135 1781 uon
1158 1718 1327 1803 contingit,

372 1836 431 1885 aut
462 1819 601 1885 stadium
632 1818 834 1906 pertransire,
864 1831 920 1884 aut
950 1821 1028 1905 quia
1057 1832 1141 1883 terra
1170 1830 1327 1896 movetur,

372 1922 524 2007 quoniam
548 1921 655 1984 omnia
676 1920 850 1985 secundum
882 1922 1081 1987 Heraclitum
1105 1921 1224 1987 moveri
1253 1942 1327 1986 cou-

377 2022 492 2107 tingit:
517 2023 574 2108 qui
597 2024 679 2087 sicut
702 2022 746 2087 ait
771 2024 961 2099 Martianus,
983 2027 1077 2089 ardet
1098 2028 1174 2088 dum
1191 2027 1326 2089 totusirr

376 2126 452 2210 iprae
465 2134 519 2205 est,
534 2147 572 2189 ex
594 2148 660 2211 quo
675 2125 782 2189 omnia
804 2125 1052 2209 primordialiter
1069 2127 1244 2211 composito
1257 2148 1325 2190 esse

376 2226 548 2291 contendit.
595 2228 641 2291 Et
670 2225 872 2313 nequidem
898 2240 1038 2313 accepto
1063 2241 1139 2293 sunt
1161 2228 1325 2313 opiniones

376 2340 533 2403 veterum,
555 2350 593 2392 eo
615 2328 684 2413 ipso
706 2326 792 2415 quod
816 2339 956 2393 veteres:
980 2341 1013 2392 et
1035 2342 1214 2394 nostrorum
1231 2329 1325 2414 louge

377 2429 617 2515 probabiliores,
640 2442 671 2493 et
695 2428 862 2506 fideliores,
883 2454 922 2493 eo
936 2430 1023 2515 quod
1040 2444 1223 2497 nostrorum
1239 2449 1325 2511 aunt,

377 2530 599 2616 reprobantur.
645 2532 740 2595 Dicat
756 2531 980 2617 unusquisque
998 2531 1086 2616 quod
1102 2534 1208 2598 sentit.
1253 2535 1327 2618 Ego

376 2631 437 2695 hoc
452 2633 492 2698 ab
514 2631 634 2697 invidia
651 2632 840 2719 plerumque
856 2632 993 2697 arbitror
1008 2634 1191 2718 provenire:
1223 2657 1324 2721 quum

379 2733 598 2820 unusquisque
628 2734 658 2797 in
681 2755 720 2797 eo
743 2756 808 2799 sure
832 2745 959 2819 reputet
983 2732 1183 2817 derogatum,
1206 2734 1238 2796 in
1261 2755 1327 2821 quo

376 2834 498 2921 aliquid
513 2834 602 2900 laudi
617 2833 767 2899 collatum
783 2848 831 2899 est
847 2834 967 2898 alienas.
1011 2833 1070 2897 Ast
1090 2857 1151 2919 ego
1165 2836 1325 2919 propriam

375 2936 509 3022 gloriam
528 2958 590 3000 non
613 2934 738 3009 affecto,
762 2933 815 2997 sed
835 2932 921 2997 illius
934 2955 955 2997 a
976 2955 1042 3018 quo
1063 2947 1110 2998 eat
1125 2934 1278 3021 quicquid
1293 2937 1329 3029 iu

373 3060 436 3115 me,
452 3037 502 3099 vel
525 3036 556 3101 in
572 3034 642 3099 aliis
663 3032 782 3098 bonum
798 3046 855 3099 est.
901 3035 946 3098 Et
960 3034 1087 3099 illorum
1109 3034 1260 3100 bonorem
1275 3037 1329 3103 de-

377 3138 495 3215 sidero,
518 3137 573 3222 qui
595 3135 674 3199 mihi
704 3132 909 3201 contulerunt
931 3134 1093 3201 modicum
1123 3134 1217 3214 illud,
1239 3137 1328 3223 quod

376 3240 441 3307 scio
456 3239 507 3304 rel
524 3240 648 3327 opinor,
670 3238 820 3324 quoniam
841 3238 1040 3303 academicus
1060 3260 1152 3304 sum:
1176 3240 1327 3329 idemque

376 3342 436 3407 mei
459 3336 623 3427 proiectus
645 3360 709 3403 non
739 3338 890 3405 erubesco
913 3338 1044 3405 laudare
1074 3354 1233 3407 auctores.
1281 3348 1327 3412 Ut

376 3442 520 3505 enimait
537 3440 672 3519 Plinius,
694 3441 768 3504 boni
789 3442 914 3523 inpenii
931 3440 1106 3506 laudabilis
1126 3446 1250 3509 indoles
1270 3456 1327 3523 est,

374 3564 434 3626 per
458 3562 537 3625 quos
556 3544 740 3626 profeceris,
761 3545 915 3625 confiteri.
961 3541 1016 3605 llli
1037 3563 1167 3630 quoque
1189 3546 1245 3631 qui
1268 3546 1328 3611 boc

377 3642 481 3727 ipsum
497 3663 582 3707 nunc
597 3640 628 3705 in
645 3662 695 3703 me
715 3653 863 3727 carpunt,
878 3641 1085 3728 quaudoque,
1099 3657 1230 3709 auctore
1246 3642 1327 3720 Deo,

366 3744 533 3809 bonorum
549 3741 768 3807 laudabuntur
783 3749 938 3819 auctores,
962 3746 1040 3828 quia
1054 3767 1108 3809 eos
1122 3745 1250 3812 virtutis
1264 3771 1328 3814 ma-

375 3858 429 3909 net
456 3841 569 3928 gloria,
591 3856 623 3908 et
646 3842 797 3907 beneficio
820 3843 981 3930 temporis,
1003 3867 1182 3911 coaevorum
1209 3847 1329 3915 invidia

376 3958 552 4011 evanescet.
595 3944 685 4029 Ergo
706 3942 857 4029 procedat
877 3947 990 4023 oratio,
1010 3959 1043 4010 et
1065 3967 1138 4033 quta
1152 3950 1329 4038 antiquatae

380 4059 547 4113 occurrent
570 4049 729 4111 memorie
741 4046 784 4111 de
801 4046 1021 4115 adolescentiae
1035 4050 1163 4128 studiis,
1179 4053 1329 4136 quoniam

374 4148 519 4234 jucunda
534 4161 611 4213 setas
625 4147 666 4211 ad
683 4160 819 4213 mentem
831 4149 1008 4230 reducitur,
1023 4151 1243 4238 compendiose
1258 4173 1330 4236 per·

379 4263 487 4315 currat
502 4251 559 4337 qui
575 4272 642 4335 prae
657 4250 791 4328 eaeteris,
806 4262 839 4316 et
851 4254 990 4338 qualiter
1001 4251 1128 4337 legendi
1143 4264 1219 4315 aunt
1233 4252 1329 4316 alacri

380 4351 676 4417 commemoratione
699 4352 872 4418 revolveos.
918 4354 999 4431 Quae
1019 4375 1094 4417 vero
1108 4351 1329 4439 praetermissa,

826 4460 874 4517 12
