3625 5317
448 798 508 857 138
678 809 813 855 scaurus
829 807 1109 855 saansaaareusrs
1242 790 1325 871 [ma.
1343 808 1397 856 111.

444 960 571 1027 leotices
591 959 756 1047 proeeipua
770 981 866 1045 opera
887 972 1044 1025 versatur.
1090 958 1154 1024 Hic
1176 981 1253 1023 vero
1273 959 1398 1046 primus

443 1076 491 1128 est
506 1063 537 1128 in
553 1060 731 1127 rationibus
744 1061 955 1147 explicandis,
969 1061 1213 1150 doctrinamque
1224 1061 1301 1126 iacit
1316 1061 1399 1127 loea-

443 1164 521 1233 lium
538 1164 861 1251 argumentationum,
871 1176 904 1229 et
919 1163 1123 1249 sequentium
1137 1162 1397 1250 complexionum

442 1266 556 1353 pandit
580 1266 681 1331 initia.
725 1269 771 1331 Et
795 1266 879 1331 sicut
899 1265 1000 1352 juxta
1027 1265 1193 1345 Ethicum,
1219 1268 1399 1349 diwipulus

438 1370 615 1450 priorisest
627 1371 782 1453 posterior
796 1369 873 1446 dics,
887 1366 933 1431 ita
947 1367 1070 1452 primus
1084 1367 1286 1452 sequentium
1301 1365 1400 1431 libro-

442 1490 515 1535 rum
529 1470 754 1537 instructorius
768 1481 826 1535 est.
866 1468 1026 1555 Equibus
1035 1471 1145 1555 itaque
1157 1468 1234 1533 locis
1245 1472 1309 1534 sint
1324 1489 1399 1554 pro·

442 1568 592 1650 blemata,
616 1572 742 1660 primus
768 1570 880 1658 aperit.
926 1572 1114 1657 sequentes,
1137 1571 1237 1651 unde,
1258 1583 1291 1636 et
1315 1592 1398 1656 quo·

443 1671 539 1738 modo
557 1675 735 1761 probentur
756 1684 985 1759 exponentes
1004 1694 1081 1759 quoe
1099 1670 1276 1759 propositio
1296 1674 1398 1757 magis

443 1788 500 1841 aut
522 1776 628 1841 minus
642 1776 904 1863 argumentabilis
919 1775 972 1854 sit,
986 1787 1019 1840 et
1038 1796 1149 1861 quare.
1195 1779 1269 1841 Non
1291 1788 1397 1840 tamen

443 1878 519 1945 huic
533 1881 622 1965 operi
638 1892 762 1947 tautum
780 1879 898 1955 tribuo,
914 1890 951 1943 ut
966 1878 1090 1943 inanem
1105 1891 1252 1963 reputem
1267 1899 1397 1963 operam

443 1980 680 2055 modernorum,
692 1978 748 2065 qui
764 1980 914 2066 equidem
927 1993 1093 2045 nascentes
1103 1993 1136 2045 et
1146 1979 1398 2046 convalescentes

443 2080 485 2145 ab
499 2080 678 2156 Aristotele,
694 2081 830 2146 inventis
844 2082 914 2166 ejus
933 2081 1052 2146 multas
1071 2082 1228 2167 adjiciunt
1249 2082 1397 2155 rationes,

443 2195 475 2249 et
505 2181 633 2267 regulas
662 2182 821 2267 prioribus
850 2205 943 2267 aeque
973 2182 1089 2247 firmas.
1144 2186 1307 2250 Caeterum
1337 2182 1398 2247 hoc

445 2282 613 2349 Aristoteli
633 2283 780 2361 debetur,
796 2283 946 2368 quoniam
964 2283 1021 2370 qui
1044 2307 1064 2348 a
1086 2296 1178 2368 parte
1198 2297 1303 2349 toturn
1324 2306 1399 2370 pro·

443 2384 513 2451 bari
535 2383 656 2464 docuit,
677 2398 708 2449 et
730 2408 749 2448 a
768 2382 891 2471 duplici
910 2398 1013 2471 parte,
1030 2385 1082 2449 vel
1102 2384 1232 2469 triplici,
1253 2399 1311 2449 aut
1333 2408 1400 2450 am-

443 2485 541 2573 plius,
557 2485 667 2550 inferri
687 2508 778 2570 posse
803 2485 1001 2552 monstravit.
1047 2485 1172 2551 Eodem
1195 2484 1399 2552 modoetia

443 2588 525 2654 aliis.
568 2592 658 2674 Ergo
672 2608 734 2652 non
750 2587 846 2652 modo
860 2588 1051 2667 Themistio,
1067 2588 1226 2665 Ciceroni,
1244 2589 1398 2675 Apuleio,

442 2703 475 2756 et
497 2690 645 2768 Boethio,
661 2690 857 2777 adjectorum
880 2690 1037 2756 habemus
1058 2691 1210 2776 gratiam:
1235 2692 1290 2755 sed
1310 2690 1397 2757 Peri-

443 2792 583 2881 patetico
604 2791 760 2873 Palatino,
775 2806 807 2859 et
830 2792 899 2861 aliis
922 2794 1175 2880 praeceptoribus
1196 2792 1322 2868 nostris,
1340 2794 1398 2881 qui

444 2894 536 2961 nobis
555 2895 708 2982 prolicere
727 2896 936 2974 studuerunt,
950 2900 1001 2962 vel
1022 2896 1056 2961 in
1074 2895 1296 2983 explanatione
1314 2908 1400 2959 vete-

444 3020 529 3076 rum,
541 2996 591 3062 vel
606 2997 638 3063 in
650 2997 831 3064 inventione
846 3020 1010 3065 novorum.
1057 3000 1162 3063 Miror
1177 3011 1282 3064 tamen
1298 3019 1398 3083 quare

439 3098 677 3187 'Peripateticus
706 3098 882 3178 Palatinus,
906 3101 940 3165 in
970 3100 1249 3188 hypotheticarum
1274 3097 1398 3185 jndicio

443 3216 510 3267 tam
525 3214 644 3265 arctam
660 3202 891 3287 praescripserit
907 3201 1022 3287 legem,
1033 3215 1069 3265 ut
1081 3225 1134 3265 eas
1149 3204 1231 3266 solas
1241 3199 1399 3265 censuerit

443 3300 668 3377 admittendas,
684 3324 821 3388 querum
843 3326 1039 3388 consequens
1053 3302 1083 3366 in
1099 3303 1297 3369 antecedenti
1313 3302 1400 3367 clau·

444 3400 543 3478 ditur,
554 3412 612 3466 aut
626 3402 792 3467 destructo
800 3404 1004 3490 consequenti
1014 3402 1183 3488 perimitur
1198 3404 1400 3470 antecedens.

444 3504 609 3591 Siquidem
619 3517 805 3589 argumenta
817 3504 988 3592 recipiebat
997 3503 1101 3580 facile,
1112 3504 1165 3567 sed
1176 3504 1400 3587 hypotheticas

443 3607 626 3694 respuebat,
640 3607 700 3671 nisi
719 3606 884 3673 manifesta
904 3607 1090 3670 necessitate
1109 3617 1252 3690 urgente.
1299 3607 1399 3674 Forte

442 3708 526 3787 ideo,
543 3709 630 3796 quod
646 3730 765 3787 omnes,
775 3720 810 3774 ut
827 3708 872 3773 ait
883 3706 1049 3783 Boethius,
1061 3705 1173 3771 volunt
1188 3708 1394 3772 necessariam

443 3822 550 3874 tenere
565 3810 833 3897 consequentiam.
880 3808 1001 3875 Volunt
1023 3810 1148 3895 utique,
1164 3810 1314 3895 quoniam
1335 3810 1397 3876 boc

443 3911 635 3999 profitentur
649 3913 776 3999 adjecta
789 3912 986 3978 conditione:
1011 3912 1065 3977 sed
1085 3911 1290 3979 nibilominus
1308 3936 1398 3998 quae·

444 4013 530 4090 dam,
552 4014 595 4079 ob
617 4013 796 4080 evidentem
818 4014 1088 4102 probabilitatem,
1114 4038 1189 4101 quae
1214 4015 1396 4081 necessitati

443 4116 634 4205 plerumque
660 4116 787 4195 assidet,
810 4118 1035 4184 admittuntur.
1081 4115 1171 4182 Sicut
1193 4117 1276 4181 enim
1299 4139 1395 4203 argu·

443 4206 550 4284 menta
572 4216 754 4283 Dialecticis
774 4218 935 4286 sufficiunt
952 4220 1141 4308 probabilia,
1161 4219 1205 4284 sic
1227 4235 1259 4284 et
1279 4220 1394 4305 proba·

444 4320 523 4387 biles
537 4320 785 4406 cousequeutiae;
811 4322 864 4387 sed
882 4322 1025 4410 utrisque
1041 4322 1089 4387 vis
1109 4343 1226 4406 urgens
1248 4320 1350 4397 deest,
1367 4321 1394 4385 sl
1503 4309 1507 4314 ⁵

444 4426 612 4489 necessitas
633 4422 729 4487 desit:
756 4438 791 4489 ut
816 4424 841 4489 si
863 4422 1045 4491 instantiam
1064 4422 1202 4504 dederis,
1224 4423 1340 4487 docens
1361 4422 1393 4487 in
