<?xml version="1.0" encoding="UTF-8"?>
<!DOCTYPE html PUBLIC "-//W3C//DTD XHTML 1.0 Transitional//EN"
    "http://www.w3.org/TR/xhtml1/DTD/xhtml1-transitional.dtd">
<html xmlns="http://www.w3.org/1999/xhtml" xml:lang="en" lang="en">
 <head>
  <title>
</title>
<meta http-equiv="Content-Type" content="text/html;charset=utf-8" />
  <meta name='ocr-system' content='tesseract 3.04.00' />
  <meta name='ocr-capabilities' content='ocr_page ocr_carea ocr_par ocr_line ocrx_word'/>
</head>
<body>
  <div class='ocr_page' id='page_1' title='image "./joannissaresber13johngoog_0119.png"; bbox 0 0 3625 5317; ppageno 0'>
   <div class='ocr_carea' id='block_1_1' title="bbox 399 824 1353 905">
    <p class='ocr_par' dir='ltr' id='par_1_1' title="bbox 399 824 1353 905">
     <span class='ocr_line' id='line_1_1' title="bbox 399 824 1353 905; baseline 0 -16"><span class='ocrx_word' id='word_1_1' title='bbox 399 824 557 905; x_wconf 65' lang='lat' dir='ltr'><strong>canan]</strong></span> <span class='ocrx_word' id='word_1_2' title='bbox 754 841 999 889; x_wconf 79' lang='lat' dir='ltr'><strong>uaratoorcos.</strong></span> <span class='ocrx_word' id='word_1_3' title='bbox 1294 830 1353 889; x_wconf 84' lang='lat'><strong>107</strong></span> 
     </span>
    </p>
   </div>
   <div class='ocr_carea' id='block_1_2' title="bbox 317 993 1356 4541">
    <p class='ocr_par' dir='ltr' id='par_1_2' title="bbox 317 993 1356 4541">
     <span class='ocr_line' id='line_1_2' title="bbox 400 993 1351 1081; baseline 0.003 -24"><span class='ocrx_word' id='word_1_4' title='bbox 400 1014 561 1059; x_wconf 81' lang='lat' dir='ltr'><strong>mensuro.</strong></span> <span class='ocrx_word' id='word_1_5' title='bbox 607 997 651 1059; x_wconf 86' lang='lat' dir='ltr'><strong>In</strong></span> <span class='ocrx_word' id='word_1_6' title='bbox 672 1014 736 1077; x_wconf 83' lang='lat' dir='ltr'><strong>quo</strong></span> <span class='ocrx_word' id='word_1_7' title='bbox 749 998 816 1059; x_wconf 78' lang='lat' dir='ltr'><strong>solo</strong></span> <span class='ocrx_word' id='word_1_8' title='bbox 831 1009 937 1060; x_wconf 87' lang='lat' dir='ltr'><strong>creata</strong></span> <span class='ocrx_word' id='word_1_9' title='bbox 951 1007 1026 1059; x_wconf 88' lang='lat' dir='ltr'><strong>sunt</strong></span> <span class='ocrx_word' id='word_1_10' title='bbox 1040 994 1157 1070; x_wconf 88' lang='lat' dir='ltr'><strong>omnia,</strong></span> <span class='ocrx_word' id='word_1_11' title='bbox 1172 1016 1247 1081; x_wconf 82' lang='lat' dir='ltr'><strong>quae</strong></span> <span class='ocrx_word' id='word_1_12' title='bbox 1266 993 1351 1060; x_wconf 79' lang='lat' dir='ltr'><strong>facta</strong></span> 
     </span>
     <span class='ocr_line' id='line_1_3' title="bbox 399 1095 1351 1184; baseline 0.002 -25"><span class='ocrx_word' id='word_1_13' title='bbox 399 1108 484 1175; x_wconf 87' lang='lat' dir='ltr'><strong>sunt,</strong></span> <span class='ocrx_word' id='word_1_14' title='bbox 498 1099 535 1160; x_wconf 80' lang='lat' dir='ltr'><strong>in</strong></span> <span class='ocrx_word' id='word_1_15' title='bbox 549 1118 693 1173; x_wconf 81' lang='lat' dir='ltr'><strong>numero,</strong></span> <span class='ocrx_word' id='word_1_16' title='bbox 705 1096 844 1182; x_wconf 87' lang='lat' dir='ltr'><strong>pondere</strong></span> <span class='ocrx_word' id='word_1_17' title='bbox 859 1110 893 1162; x_wconf 87' lang='lat' dir='ltr'><strong>et</strong></span> <span class='ocrx_word' id='word_1_18' title='bbox 908 1118 1071 1161; x_wconf 64' lang='lat' dir='ltr'><strong>memoro.</strong></span> <span class='ocrx_word' id='word_1_19' title='bbox 1108 1095 1205 1163; x_wconf 83' lang='lat' dir='ltr'><strong>Unde</strong></span> <span class='ocrx_word' id='word_1_20' title='bbox 1219 1099 1351 1184; x_wconf 84' lang='lat' dir='ltr'><strong>Augus·</strong></span> 
     </span>
     <span class='ocr_line' id='line_1_4' title="bbox 399 1196 1354 1287; baseline 0.003 -26"><span class='ocrx_word' id='word_1_21' title='bbox 399 1196 502 1263; x_wconf 87' lang='lat' dir='ltr'><strong>tinus:</strong></span> <span class='ocrx_word' id='word_1_22' title='bbox 534 1200 707 1263; x_wconf 61' lang='lat' dir='ltr'><strong>ineffibiles</strong></span> <span class='ocrx_word' id='word_1_23' title='bbox 727 1201 926 1287; x_wconf 58' lang='lat' dir='ltr'><strong>distermina</strong></span> <span class='ocrx_word' id='word_1_24' title='bbox 945 1202 1168 1282; x_wconf 70' lang='lat' dir='ltr'><strong>invisibilium,</strong></span> <span class='ocrx_word' id='word_1_25' title='bbox 1188 1202 1276 1265; x_wconf 79' lang='lat' dir='ltr'><strong>solur</strong></span> <span class='ocrx_word' id='word_1_26' title='bbox 1296 1202 1354 1264; x_wconf 76' lang='lat' dir='ltr'><strong>tue</strong></span> 
     </span>
     <span class='ocr_line' id='line_1_5' title="bbox 397 1301 1351 1385; baseline 0 -20"><span class='ocrx_word' id='word_1_27' title='bbox 397 1301 575 1383; x_wconf 77' lang='lat' dir='ltr'><strong>ponderare</strong></span> <span class='ocrx_word' id='word_1_28' title='bbox 593 1305 712 1385; x_wconf 76' lang='lat' dir='ltr'><strong>potuit,</strong></span> <span class='ocrx_word' id='word_1_29' title='bbox 729 1305 785 1385; x_wconf 79' lang='lat' dir='ltr'><strong>qui</strong></span> <span class='ocrx_word' id='word_1_30' title='bbox 806 1305 913 1367; x_wconf 76' lang='lat' dir='ltr'><strong>omnio</strong></span> <span class='ocrx_word' id='word_1_31' title='bbox 934 1305 972 1367; x_wconf 77' lang='lat' dir='ltr'><strong>ia</strong></span> <span class='ocrx_word' id='word_1_32' title='bbox 993 1324 1138 1379; x_wconf 80' lang='lat' dir='ltr'><strong>numero,</strong></span> <span class='ocrx_word' id='word_1_33' title='bbox 1155 1302 1305 1385; x_wconf 79' lang='lat' dir='ltr'><strong>pondm,</strong></span> <span class='ocrx_word' id='word_1_34' title='bbox 1319 1312 1351 1366; x_wconf 84' lang='lat' dir='ltr'><strong>et</strong></span> 
     </span>
     <span class='ocr_line' id='line_1_6' title="bbox 398 1402 1352 1487; baseline 0.004 -24"><span class='ocrx_word' id='word_1_35' title='bbox 398 1421 550 1465; x_wconf 70' lang='lat' dir='ltr'><strong>occasura</strong></span> <span class='ocrx_word' id='word_1_36' title='bbox 566 1402 734 1484; x_wconf 63' lang='lat' dir='ltr'><strong>damme,</strong></span> <span class='ocrx_word' id='word_1_37' title='bbox 749 1403 785 1465; x_wconf 79' lang='lat' dir='ltr'><strong>id</strong></span> <span class='ocrx_word' id='word_1_38' title='bbox 797 1412 854 1479; x_wconf 79' lang='lat' dir='ltr'><strong>est,</strong></span> <span class='ocrx_word' id='word_1_39' title='bbox 870 1406 1037 1487; x_wconf 68' lang='grc' dir='ltr'><strong>ἐπαείραο,</strong></span> <span class='ocrx_word' id='word_1_40' title='bbox 1052 1407 1109 1487; x_wconf 83' lang='lat' dir='ltr'><strong>qui</strong></span> <span class='ocrx_word' id='word_1_41' title='bbox 1123 1410 1171 1467; x_wconf 81' lang='lat' dir='ltr'><strong>eat</strong></span> <span class='ocrx_word' id='word_1_42' title='bbox 1188 1424 1352 1484; x_wconf 77' lang='lat' dir='ltr'><strong>menoare,</strong></span> 
     </span>
     <span class='ocr_line' id='line_1_7' title="bbox 398 1503 1353 1587; baseline 0.003 -23"><span class='ocrx_word' id='word_1_43' title='bbox 398 1503 485 1564; x_wconf 81' lang='lat' dir='ltr'><strong>omni</strong></span> <span class='ocrx_word' id='word_1_44' title='bbox 510 1504 558 1566; x_wconf 82' lang='lat' dir='ltr'><strong>rei</strong></span> <span class='ocrx_word' id='word_1_45' title='bbox 582 1503 710 1565; x_wconf 82' lang='lat' dir='ltr'><strong>modum</strong></span> <span class='ocrx_word' id='word_1_46' title='bbox 733 1506 923 1587; x_wconf 78' lang='lat' dir='ltr'><strong>proefigena:</strong></span> <span class='ocrx_word' id='word_1_47' title='bbox 952 1510 985 1567; x_wconf 85' lang='lat' dir='ltr'><strong>et</strong></span> <span class='ocrx_word' id='word_1_48' title='bbox 1005 1523 1171 1577; x_wconf 79' lang='lat' dir='ltr'><strong>numerus,</strong></span> <span class='ocrx_word' id='word_1_49' title='bbox 1192 1505 1281 1567; x_wconf 75' lang='lat' dir='ltr'><strong>omni</strong></span> <span class='ocrx_word' id='word_1_50' title='bbox 1304 1506 1353 1567; x_wconf 82' lang='lat' dir='ltr'><strong>rei</strong></span> 
     </span>
     <span class='ocr_line' id='line_1_8' title="bbox 396 1603 1354 1686; baseline 0.003 -22"><span class='ocrx_word' id='word_1_51' title='bbox 396 1606 529 1686; x_wconf 78' lang='lat' dir='ltr'><strong>speciem</strong></span> <span class='ocrx_word' id='word_1_52' title='bbox 541 1604 706 1685; x_wconf 79' lang='lat' dir='ltr'><strong>prodens:</strong></span> <span class='ocrx_word' id='word_1_53' title='bbox 735 1611 767 1667; x_wconf 83' lang='lat' dir='ltr'><strong>et</strong></span> <span class='ocrx_word' id='word_1_54' title='bbox 778 1603 918 1686; x_wconf 81' lang='lat' dir='ltr'><strong>pondus,</strong></span> <span class='ocrx_word' id='word_1_55' title='bbox 933 1624 1056 1667; x_wconf 84' lang='lat' dir='ltr'><strong>omnem</strong></span> <span class='ocrx_word' id='word_1_56' title='bbox 1077 1624 1144 1667; x_wconf 83' lang='lat' dir='ltr'><strong>rem</strong></span> <span class='ocrx_word' id='word_1_57' title='bbox 1165 1604 1211 1666; x_wconf 88' lang='lat' dir='ltr'><strong>od</strong></span> <span class='ocrx_word' id='word_1_58' title='bbox 1230 1604 1354 1667; x_wconf 71' lang='lat' dir='ltr'><strong>dobili-</strong></span> 
     </span>
     <span class='ocr_line' id='line_1_9' title="bbox 398 1702 1353 1783; baseline -0.002 -14"><span class='ocrx_word' id='word_1_59' title='bbox 398 1712 497 1769; x_wconf 82' lang='lat' dir='ltr'><strong>totam</strong></span> <span class='ocrx_word' id='word_1_60' title='bbox 517 1705 659 1779; x_wconf 76' lang='lat' dir='ltr'><strong>trahens,</strong></span> <span class='ocrx_word' id='word_1_61' title='bbox 674 1702 708 1765; x_wconf 90' lang='lat' dir='ltr'><strong>id</strong></span> <span class='ocrx_word' id='word_1_62' title='bbox 730 1715 789 1780; x_wconf 86' lang='lat' dir='ltr'><strong>est,</strong></span> <span class='ocrx_word' id='word_1_63' title='bbox 804 1706 994 1780; x_wconf 81' lang='lat' dir='ltr'><strong>terminans,</strong></span> <span class='ocrx_word' id='word_1_64' title='bbox 1009 1716 1040 1767; x_wconf 90' lang='lat' dir='ltr'><strong>et</strong></span> <span class='ocrx_word' id='word_1_65' title='bbox 1056 1703 1207 1783; x_wconf 83' lang='lat' dir='ltr'><strong>formans,</strong></span> <span class='ocrx_word' id='word_1_66' title='bbox 1221 1716 1253 1768; x_wconf 88' lang='lat' dir='ltr'><strong>et</strong></span> <span class='ocrx_word' id='word_1_67' title='bbox 1266 1702 1353 1767; x_wconf 89' lang='lat' dir='ltr'><strong>ordi·</strong></span> 
     </span>
     <span class='ocr_line' id='line_1_10' title="bbox 397 1802 1353 1889; baseline -0.003 -21"><span class='ocrx_word' id='word_1_68' title='bbox 397 1826 478 1868; x_wconf 88' lang='lat' dir='ltr'><strong>nans</strong></span> <span class='ocrx_word' id='word_1_69' title='bbox 492 1802 609 1868; x_wconf 87' lang='lat' dir='ltr'><strong>omnia.</strong></span> <span class='ocrx_word' id='word_1_70' title='bbox 654 1807 693 1868; x_wconf 83' lang='lat' dir='ltr'><strong>Iu</strong></span> <span class='ocrx_word' id='word_1_71' title='bbox 708 1804 859 1889; x_wconf 85' lang='lat' dir='ltr'>operibus</span> <span class='ocrx_word' id='word_1_72' title='bbox 883 1826 940 1868; x_wconf 87' lang='lat' dir='ltr'><strong>sex</strong></span> <span class='ocrx_word' id='word_1_73' title='bbox 962 1802 1086 1867; x_wconf 89' lang='lat' dir='ltr'><strong>dierum</strong></span> <span class='ocrx_word' id='word_1_74' title='bbox 1102 1802 1135 1867; x_wconf 92' lang='lat' dir='ltr'><strong>in</strong></span> <span class='ocrx_word' id='word_1_75' title='bbox 1156 1824 1273 1889; x_wconf 81' lang='lat' dir='ltr'>genere</span> <span class='ocrx_word' id='word_1_76' title='bbox 1294 1824 1353 1866; x_wconf 87' lang='lat' dir='ltr'><strong>suo</strong></span> 
     </span>
     <span class='ocr_line' id='line_1_11' title="bbox 396 1904 1354 1990; baseline -0.002 -18"><span class='ocrx_word' id='word_1_77' title='bbox 396 1909 480 1972; x_wconf 89' lang='lat' dir='ltr'><strong>bona</strong></span> <span class='ocrx_word' id='word_1_78' title='bbox 496 1904 622 1990; x_wconf 88' lang='lat' dir='ltr'><strong>singula</strong></span> <span class='ocrx_word' id='word_1_79' title='bbox 636 1920 741 1971; x_wconf 90' lang='lat' dir='ltr'><strong>creata</strong></span> <span class='ocrx_word' id='word_1_80' title='bbox 752 1918 981 1989; x_wconf 84' lang='lat' dir='ltr'><strong>memorantur,</strong></span> <span class='ocrx_word' id='word_1_81' title='bbox 993 1928 1051 1969; x_wconf 88' lang='lat' dir='ltr'><strong>nec</strong></span> <span class='ocrx_word' id='word_1_82' title='bbox 1065 1918 1171 1971; x_wconf 88' lang='lat' dir='ltr'><strong>tamen</strong></span> <span class='ocrx_word' id='word_1_83' title='bbox 1183 1904 1354 1970; x_wconf 74' lang='lat' dir='ltr'><strong>creationis</strong></span> 
     </span>
     <span class='ocr_line' id='line_1_12' title="bbox 398 2006 1352 2095; baseline -0.003 -22"><span class='ocrx_word' id='word_1_84' title='bbox 398 2007 624 2073; x_wconf 81' lang='lat' dir='ltr'><strong>universalium</strong></span> <span class='ocrx_word' id='word_1_85' title='bbox 649 2010 768 2073; x_wconf 90' lang='lat' dir='ltr'><strong>mentio</strong></span> <span class='ocrx_word' id='word_1_86' title='bbox 791 2006 901 2095; x_wconf 83' lang='lat' dir='ltr'><strong>aliqua</strong></span> <span class='ocrx_word' id='word_1_87' title='bbox 924 2008 1010 2072; x_wconf 84' lang='lat' dir='ltr'><strong>facta</strong></span> <span class='ocrx_word' id='word_1_88' title='bbox 1032 2020 1098 2072; x_wconf 86' lang='lat' dir='ltr'><strong>est:</strong></span> <span class='ocrx_word' id='word_1_89' title='bbox 1129 2030 1187 2072; x_wconf 88' lang='lat' dir='ltr'><strong>nec</strong></span> <span class='ocrx_word' id='word_1_90' title='bbox 1209 2007 1352 2093; x_wconf 87' lang='lat' dir='ltr'><strong>oportuit</strong></span> 
     </span>
     <span class='ocr_line' id='line_1_13' title="bbox 396 2108 1350 2198; baseline -0.003 -23"><span class='ocrx_word' id='word_1_91' title='bbox 396 2110 538 2198; x_wconf 87' lang='lat' dir='ltr'><strong>quidem,</strong></span> <span class='ocrx_word' id='word_1_92' title='bbox 553 2110 578 2174; x_wconf 88' lang='lat' dir='ltr'><strong>si</strong></span> <span class='ocrx_word' id='word_1_93' title='bbox 593 2110 804 2175; x_wconf 80' lang='lat' dir='ltr'><strong>essentialiter</strong></span> <span class='ocrx_word' id='word_1_94' title='bbox 819 2109 1036 2196; x_wconf 74' lang='lat' dir='ltr'><strong>singularibus</strong></span> <span class='ocrx_word' id='word_1_95' title='bbox 1049 2108 1140 2173; x_wconf 88' lang='lat' dir='ltr'><strong>unita</strong></span> <span class='ocrx_word' id='word_1_96' title='bbox 1155 2121 1243 2185; x_wconf 89' lang='lat' dir='ltr'><strong>sunt,</strong></span> <span class='ocrx_word' id='word_1_97' title='bbox 1256 2121 1313 2175; x_wconf 86' lang='lat' dir='ltr'><strong>aut</strong></span> <span class='ocrx_word' id='word_1_98' title='bbox 1324 2109 1350 2173; x_wconf 86' lang='lat' dir='ltr'><strong>si</strong></span> 
     </span>
     <span class='ocr_line' id='line_1_14' title="bbox 397 2209 1352 2298; baseline -0.004 -20"><span class='ocrx_word' id='word_1_99' title='bbox 397 2212 596 2278; x_wconf 89' lang='lat' dir='ltr'><strong>Platonicum</strong></span> <span class='ocrx_word' id='word_1_100' title='bbox 629 2212 747 2298; x_wconf 86' lang='lat' dir='ltr'><strong>dogma</strong></span> <span class='ocrx_word' id='word_1_101' title='bbox 775 2212 930 2278; x_wconf 90' lang='lat' dir='ltr'><strong>obtineat.</strong></span> <span class='ocrx_word' id='word_1_102' title='bbox 983 2211 1136 2297; x_wconf 81' lang='lat' dir='ltr'><strong>Alioquin</strong></span> <span class='ocrx_word' id='word_1_103' title='bbox 1171 2209 1256 2275; x_wconf 91' lang='lat' dir='ltr'><strong>unde</strong></span> <span class='ocrx_word' id='word_1_104' title='bbox 1285 2232 1352 2275; x_wconf 85' lang='lat' dir='ltr'><strong>esse</strong></span> 
     </span>
     <span class='ocr_line' id='line_1_15' title="bbox 398 2311 1353 2401; baseline 0.002 -24"><span class='ocrx_word' id='word_1_105' title='bbox 398 2314 547 2395; x_wconf 83' lang='lat' dir='ltr'><strong>habeant,</strong></span> <span class='ocrx_word' id='word_1_106' title='bbox 560 2328 617 2379; x_wconf 88' lang='lat' dir='ltr'><strong>aut</strong></span> <span class='ocrx_word' id='word_1_107' title='bbox 637 2314 768 2399; x_wconf 89' lang='lat' dir='ltr'><strong>quando</strong></span> <span class='ocrx_word' id='word_1_108' title='bbox 782 2314 948 2401; x_wconf 85' lang='lat' dir='ltr'><strong>coeperint,</strong></span> <span class='ocrx_word' id='word_1_109' title='bbox 963 2336 1122 2399; x_wconf 83' lang='lat' dir='ltr'><strong>nusquam</strong></span> <span class='ocrx_word' id='word_1_110' title='bbox 1147 2311 1278 2378; x_wconf 89' lang='lat' dir='ltr'><strong>memini</strong></span> <span class='ocrx_word' id='word_1_111' title='bbox 1301 2336 1353 2379; x_wconf 90' lang='lat' dir='ltr'><strong>me</strong></span> 
     </span>
     <span class='ocr_line' id='line_1_16' title="bbox 397 2413 1354 2500; baseline 0.005 -22"><span class='ocrx_word' id='word_1_112' title='bbox 397 2414 519 2500; x_wconf 77' lang='lat' dir='ltr'><strong>legisse.</strong></span> <span class='ocrx_word' id='word_1_113' title='bbox 555 2416 646 2500; x_wconf 86' lang='lat' dir='ltr'><strong>Ergo</strong></span> <span class='ocrx_word' id='word_1_114' title='bbox 657 2414 816 2480; x_wconf 86' lang='lat' dir='ltr'><strong>duntaxat</strong></span> <span class='ocrx_word' id='word_1_115' title='bbox 826 2413 1063 2500; x_wconf 89' lang='lat' dir='ltr'><strong>intelliguntur,</strong></span> <span class='ocrx_word' id='word_1_116' title='bbox 1074 2419 1253 2481; x_wconf 81' lang='lat' dir='ltr'><strong>secundum</strong></span> <span class='ocrx_word' id='word_1_117' title='bbox 1262 2418 1354 2483; x_wconf 67' lang='lat' dir='ltr'><strong>Arta</strong></span> 
     </span>
     <span class='ocr_line' id='line_1_17' title="bbox 398 2515 1352 2604; baseline 0.002 -23"><span class='ocrx_word' id='word_1_118' title='bbox 398 2520 535 2601; x_wconf 75' lang='lat' dir='ltr'><strong>totalem,</strong></span> <span class='ocrx_word' id='word_1_119' title='bbox 547 2516 739 2581; x_wconf 85' lang='lat' dir='ltr'><strong>universalia</strong></span> <span class='ocrx_word' id='word_1_120' title='bbox 752 2541 759 2581; x_wconf 90' lang='lat'><strong>:</strong></span> <span class='ocrx_word' id='word_1_121' title='bbox 786 2515 841 2582; x_wconf 88' lang='lat' dir='ltr'><strong>sed</strong></span> <span class='ocrx_word' id='word_1_122' title='bbox 854 2516 886 2582; x_wconf 90' lang='lat' dir='ltr'><strong>in</strong></span> <span class='ocrx_word' id='word_1_123' title='bbox 899 2532 971 2582; x_wconf 86' lang='lat' dir='ltr'><strong>actu</strong></span> <span class='ocrx_word' id='word_1_124' title='bbox 987 2539 1093 2582; x_wconf 87' lang='lat' dir='ltr'><strong>rerum</strong></span> <span class='ocrx_word' id='word_1_125' title='bbox 1107 2518 1190 2583; x_wconf 87' lang='lat' dir='ltr'><strong>nihil</strong></span> <span class='ocrx_word' id='word_1_126' title='bbox 1203 2518 1352 2604; x_wconf 87' lang='lat' dir='ltr'><strong>estquod</strong></span> 
     </span>
     <span class='ocr_line' id='line_1_18' title="bbox 397 2616 1353 2705; baseline 0.003 -24"><span class='ocrx_word' id='word_1_127' title='bbox 397 2616 438 2681; x_wconf 87' lang='lat' dir='ltr'><strong>sit</strong></span> <span class='ocrx_word' id='word_1_128' title='bbox 450 2617 635 2682; x_wconf 83' lang='lat' dir='ltr'><strong>universale.</strong></span> <span class='ocrx_word' id='word_1_129' title='bbox 667 2617 805 2681; x_wconf 87' lang='lat' dir='ltr'><strong>Amodo</strong></span> <span class='ocrx_word' id='word_1_130' title='bbox 814 2617 896 2683; x_wconf 90' lang='lat' dir='ltr'><strong>enim</strong></span> <span class='ocrx_word' id='word_1_131' title='bbox 907 2617 1108 2702; x_wconf 84' lang='lat' dir='ltr'><strong>intelligendi</strong></span> <span class='ocrx_word' id='word_1_132' title='bbox 1116 2618 1263 2705; x_wconf 84' lang='lat' dir='ltr'><strong>figuralia</strong></span> <span class='ocrx_word' id='word_1_133' title='bbox 1272 2619 1353 2699; x_wconf 78' lang='lat' dir='ltr'><strong>haec,</strong></span> 
     </span>
     <span class='ocr_line' id='line_1_19' title="bbox 389 2712 1352 2807; baseline 0.002 -24"><span class='ocrx_word' id='word_1_134' title='bbox 389 2712 430 2784; x_wconf 64' lang='lat' dir='ltr'><strong>&#39;et</strong></span> <span class='ocrx_word' id='word_1_135' title='bbox 441 2719 570 2785; x_wconf 87' lang='lat' dir='ltr'><strong>licenter</strong></span> <span class='ocrx_word' id='word_1_136' title='bbox 582 2720 723 2807; x_wconf 87' lang='lat' dir='ltr'><strong>quidem,</strong></span> <span class='ocrx_word' id='word_1_137' title='bbox 733 2730 766 2783; x_wconf 87' lang='lat' dir='ltr'><strong>et</strong></span> <span class='ocrx_word' id='word_1_138' title='bbox 777 2720 1006 2798; x_wconf 83' lang='lat' dir='ltr'><strong>doctrinaliter,</strong></span> <span class='ocrx_word' id='word_1_139' title='bbox 1015 2720 1145 2785; x_wconf 86' lang='lat' dir='ltr'><strong>nomina</strong></span> <span class='ocrx_word' id='word_1_140' title='bbox 1157 2721 1259 2786; x_wconf 90' lang='lat' dir='ltr'><strong>indita</strong></span> <span class='ocrx_word' id='word_1_141' title='bbox 1268 2734 1352 2787; x_wconf 81' lang='lat' dir='ltr'><strong>eunt.</strong></span> 
     </span>
     <span class='ocr_line' id='line_1_20' title="bbox 399 2822 1355 2909; baseline 0.004 -24"><span class='ocrx_word' id='word_1_142' title='bbox 399 2822 481 2887; x_wconf 89' lang='lat' dir='ltr'><strong>Nam</strong></span> <span class='ocrx_word' id='word_1_143' title='bbox 498 2844 591 2887; x_wconf 90' lang='lat' dir='ltr'><strong>omne</strong></span> <span class='ocrx_word' id='word_1_144' title='bbox 611 2822 699 2909; x_wconf 93' lang='lat' dir='ltr'><strong>quod</strong></span> <span class='ocrx_word' id='word_1_145' title='bbox 714 2826 810 2887; x_wconf 91' lang='lat' dir='ltr'><strong>homo</strong></span> <span class='ocrx_word' id='word_1_146' title='bbox 825 2834 884 2901; x_wconf 87' lang='lat' dir='ltr'><strong>est,</strong></span> <span class='ocrx_word' id='word_1_147' title='bbox 898 2826 961 2887; x_wconf 81' lang='lat' dir='ltr'><strong>isle</strong></span> <span class='ocrx_word' id='word_1_148' title='bbox 974 2826 1024 2887; x_wconf 87' lang='lat' dir='ltr'><strong>oel</strong></span> <span class='ocrx_word' id='word_1_149' title='bbox 1037 2825 1092 2886; x_wconf 79' lang='lat' dir='ltr'><strong>ille</strong></span> <span class='ocrx_word' id='word_1_150' title='bbox 1105 2834 1165 2899; x_wconf 82' lang='lat' dir='ltr'><strong>est,</strong></span> <span class='ocrx_word' id='word_1_151' title='bbox 1180 2822 1214 2886; x_wconf 90' lang='lat' dir='ltr'><strong>id</strong></span> <span class='ocrx_word' id='word_1_152' title='bbox 1229 2836 1290 2904; x_wconf 85' lang='lat' dir='ltr'><strong>eat,</strong></span> <span class='ocrx_word' id='word_1_153' title='bbox 1303 2847 1355 2889; x_wconf 89' lang='lat' dir='ltr'><strong>res</strong></span> 
     </span>
     <span class='ocr_line' id='line_1_21' title="bbox 398 2922 1355 3011; baseline 0 -22"><span class='ocrx_word' id='word_1_154' title='bbox 398 2923 570 3011; x_wconf 88' lang='lat' dir='ltr'><strong>singularis</strong></span> <span class='ocrx_word' id='word_1_155' title='bbox 595 2935 661 2988; x_wconf 90' lang='lat' dir='ltr'><strong>est:</strong></span> <span class='ocrx_word' id='word_1_156' title='bbox 700 2922 755 2988; x_wconf 91' lang='lat' dir='ltr'><strong>sed</strong></span> <span class='ocrx_word' id='word_1_157' title='bbox 782 2922 858 3010; x_wconf 86' lang='lat' dir='ltr'><strong>quin</strong></span> <span class='ocrx_word' id='word_1_158' title='bbox 883 2922 1019 3007; x_wconf 87' lang='lat' dir='ltr'><strong>intelligi</strong></span> <span class='ocrx_word' id='word_1_159' title='bbox 1045 2934 1150 3009; x_wconf 86' lang='lat' dir='ltr'><strong>potest</strong></span> <span class='ocrx_word' id='word_1_160' title='bbox 1175 2923 1282 3000; x_wconf 88' lang='lat' dir='ltr'><strong>homo,</strong></span> <span class='ocrx_word' id='word_1_161' title='bbox 1308 2925 1355 2989; x_wconf 85' lang='lat' dir='ltr'><strong>ita</strong></span> 
     </span>
     <span class='ocr_line' id='line_1_22' title="bbox 397 3023 1353 3113; baseline -0.001 -23"><span class='ocrx_word' id='word_1_162' title='bbox 397 3026 489 3111; x_wconf 92' lang='lat' dir='ltr'><strong>quod</strong></span> <span class='ocrx_word' id='word_1_163' title='bbox 504 3048 561 3090; x_wconf 90' lang='lat' dir='ltr'><strong>neo</strong></span> <span class='ocrx_word' id='word_1_164' title='bbox 577 3029 636 3091; x_wconf 90' lang='lat' dir='ltr'><strong>iste</strong></span> <span class='ocrx_word' id='word_1_165' title='bbox 650 3023 861 3111; x_wconf 85' lang='lat' dir='ltr'><strong>intelligatur,</strong></span> <span class='ocrx_word' id='word_1_166' title='bbox 875 3046 934 3089; x_wconf 88' lang='lat' dir='ltr'><strong>nec</strong></span> <span class='ocrx_word' id='word_1_167' title='bbox 948 3023 1011 3101; x_wconf 89' lang='lat' dir='ltr'><strong>ille,</strong></span> <span class='ocrx_word' id='word_1_168' title='bbox 1028 3047 1086 3089; x_wconf 88' lang='lat' dir='ltr'><strong>nee</strong></span> <span class='ocrx_word' id='word_1_169' title='bbox 1106 3025 1229 3111; x_wconf 87' lang='lat' dir='ltr'><strong>aliquid</strong></span> <span class='ocrx_word' id='word_1_170' title='bbox 1245 3025 1353 3113; x_wconf 90' lang='lat' dir='ltr'><strong>singu·</strong></span> 
     </span>
     <span class='ocr_line' id='line_1_23' title="bbox 386 3127 1352 3201; baseline 0.008 -14"><span class='ocrx_word' id='word_1_171' title='bbox 386 3127 526 3192; x_wconf 84' lang='lat' dir='ltr'><strong>laritate</strong></span> <span class='ocrx_word' id='word_1_172' title='bbox 555 3129 699 3193; x_wconf 85' lang='lat' dir='ltr'><strong>essentiae</strong></span> <span class='ocrx_word' id='word_1_173' title='bbox 729 3148 849 3201; x_wconf 86' lang='lat' dir='ltr'><strong>unum;</strong></span> <span class='ocrx_word' id='word_1_174' title='bbox 889 3139 923 3191; x_wconf 85' lang='lat' dir='ltr'><strong>et</strong></span> <span class='ocrx_word' id='word_1_175' title='bbox 952 3127 1126 3192; x_wconf 89' lang='lat' dir='ltr'><strong>secundum</strong></span> <span class='ocrx_word' id='word_1_176' title='bbox 1156 3127 1352 3196; x_wconf 84' lang='lat' dir='ltr'><strong>intellectum</strong></span> 
     </span>
     <span class='ocr_line' id='line_1_24' title="bbox 396 3227 1356 3316; baseline 0.001 -19"><span class='ocrx_word' id='word_1_177' title='bbox 396 3230 490 3297; x_wconf 92' lang='lat' dir='ltr'><strong>illum</strong></span> <span class='ocrx_word' id='word_1_178' title='bbox 502 3227 672 3295; x_wconf 83' lang='lat' dir='ltr'><strong>deliberari</strong></span> <span class='ocrx_word' id='word_1_179' title='bbox 687 3239 793 3316; x_wconf 86' lang='lat' dir='ltr'><strong>potest</strong></span> <span class='ocrx_word' id='word_1_180' title='bbox 804 3230 844 3293; x_wconf 88' lang='lat' dir='ltr'><strong>de</strong></span> <span class='ocrx_word' id='word_1_181' title='bbox 856 3252 890 3293; x_wconf 89' lang='lat' dir='ltr'><strong>re</strong></span> <span class='ocrx_word' id='word_1_182' title='bbox 901 3229 1056 3315; x_wconf 86' lang='lat' dir='ltr'><strong>subjecta,</strong></span> <span class='ocrx_word' id='word_1_183' title='bbox 1066 3229 1102 3295; x_wconf 94' lang='lat' dir='ltr'><strong>id</strong></span> <span class='ocrx_word' id='word_1_184' title='bbox 1116 3244 1175 3307; x_wconf 87' lang='lat' dir='ltr'><strong>est,</strong></span> <span class='ocrx_word' id='word_1_185' title='bbox 1186 3232 1356 3298; x_wconf 80' lang='lat' dir='ltr'><strong>actualiter</strong></span> 
     </span>
     <span class='ocr_line' id='line_1_25' title="bbox 397 3329 1353 3422; baseline 0.003 -24"><span class='ocrx_word' id='word_1_186' title='bbox 397 3331 637 3419; x_wconf 85' lang='lat' dir='ltr'><strong>exemplificari,</strong></span> <span class='ocrx_word' id='word_1_187' title='bbox 648 3333 690 3397; x_wconf 93' lang='lat' dir='ltr'><strong>ob</strong></span> <span class='ocrx_word' id='word_1_188' title='bbox 701 3329 883 3397; x_wconf 88' lang='lat' dir='ltr'><strong>intellectus</strong></span> <span class='ocrx_word' id='word_1_189' title='bbox 894 3332 1167 3416; x_wconf 88' lang='lat' dir='ltr'><strong>communitatem,</strong></span> <span class='ocrx_word' id='word_1_190' title='bbox 1175 3346 1353 3422; x_wconf 79' lang='lat' dir='ltr'><strong>etreaquoe</strong></span> 
     </span>
     <span class='ocr_line' id='line_1_26' title="bbox 317 3428 1353 3522; baseline 0.006 -24"><span class='ocrx_word' id='word_1_191' title='bbox 317 3428 320 3433; x_wconf 73' lang='grc'><strong>’</strong></span> <span class='ocrx_word' id='word_1_192' title='bbox 396 3433 440 3499; x_wconf 89' lang='lat' dir='ltr'><strong>sic</strong></span> <span class='ocrx_word' id='word_1_193' title='bbox 465 3434 599 3520; x_wconf 88' lang='lat' dir='ltr'><strong>intelligi</strong></span> <span class='ocrx_word' id='word_1_194' title='bbox 625 3447 742 3522; x_wconf 89' lang='lat' dir='ltr'><strong>potest,</strong></span> <span class='ocrx_word' id='word_1_195' title='bbox 764 3436 824 3500; x_wconf 88' lang='lat' dir='ltr'><strong>etsi</strong></span> <span class='ocrx_word' id='word_1_196' title='bbox 848 3457 867 3499; x_wconf 88' lang='lat' dir='ltr'><strong>a</strong></span> <span class='ocrx_word' id='word_1_197' title='bbox 891 3434 981 3499; x_wconf 92' lang='lat' dir='ltr'><strong>nullo</strong></span> <span class='ocrx_word' id='word_1_198' title='bbox 1002 3434 1210 3521; x_wconf 86' lang='lat' dir='ltr'><strong>intelligatur,</strong></span> <span class='ocrx_word' id='word_1_199' title='bbox 1233 3436 1353 3504; x_wconf 90' lang='lat' dir='ltr'><strong>dicitur</strong></span> 
     </span>
     <span class='ocr_line' id='line_1_27' title="bbox 396 3534 1352 3627; baseline 0.003 -25"><span class='ocrx_word' id='word_1_200' title='bbox 396 3560 463 3603; x_wconf 87' lang='lat' dir='ltr'><strong>esse</strong></span> <span class='ocrx_word' id='word_1_201' title='bbox 477 3536 673 3603; x_wconf 85' lang='lat' dir='ltr'><strong>eommunis:</strong></span> <span class='ocrx_word' id='word_1_202' title='bbox 696 3559 746 3601; x_wconf 89' lang='lat' dir='ltr'><strong>res</strong></span> <span class='ocrx_word' id='word_1_203' title='bbox 761 3535 843 3599; x_wconf 89' lang='lat' dir='ltr'><strong>enim</strong></span> <span class='ocrx_word' id='word_1_204' title='bbox 860 3534 921 3601; x_wconf 87' lang='lat' dir='ltr'><strong>sibi</strong></span> <span class='ocrx_word' id='word_1_205' title='bbox 935 3535 1112 3601; x_wconf 80' lang='lat' dir='ltr'><strong>conformes</strong></span> <span class='ocrx_word' id='word_1_206' title='bbox 1131 3552 1220 3617; x_wconf 88' lang='lat' dir='ltr'><strong>sunt,</strong></span> <span class='ocrx_word' id='word_1_207' title='bbox 1234 3540 1352 3627; x_wconf 88' lang='lat' dir='ltr'><strong>ipsam·</strong></span> 
     </span>
     <span class='ocr_line' id='line_1_28' title="bbox 398 3637 1353 3728; baseline -0.001 -21"><span class='ocrx_word' id='word_1_208' title='bbox 398 3664 462 3728; x_wconf 89' lang='lat' dir='ltr'><strong>que</strong></span> <span class='ocrx_word' id='word_1_209' title='bbox 482 3639 734 3706; x_wconf 80' lang='lat' dir='ltr'><strong>conformitatem</strong></span> <span class='ocrx_word' id='word_1_210' title='bbox 761 3637 900 3703; x_wconf 89' lang='lat' dir='ltr'><strong>deducta</strong></span> <span class='ocrx_word' id='word_1_211' title='bbox 925 3660 1032 3701; x_wconf 86' lang='lat' dir='ltr'><strong>rerum</strong></span> <span class='ocrx_word' id='word_1_212' title='bbox 1054 3638 1258 3723; x_wconf 86' lang='lat' dir='ltr'><strong>cogitatione,</strong></span> <span class='ocrx_word' id='word_1_213' title='bbox 1281 3664 1353 3728; x_wconf 85' lang='lat' dir='ltr'><strong>per-</strong></span> 
     </span>
     <span class='ocr_line' id='line_1_29' title="bbox 398 3738 1354 3830; baseline 0.003 -23"><span class='ocrx_word' id='word_1_214' title='bbox 398 3742 508 3830; x_wconf 87' lang='lat' dir='ltr'><strong>pendit</strong></span> <span class='ocrx_word' id='word_1_215' title='bbox 524 3741 714 3808; x_wconf 86' lang='lat' dir='ltr'><strong>intcllectus.</strong></span> <span class='ocrx_word' id='word_1_216' title='bbox 753 3738 919 3827; x_wconf 88' lang='lat' dir='ltr'><strong>Siquidem</strong></span> <span class='ocrx_word' id='word_1_217' title='bbox 936 3739 1032 3803; x_wconf 89' lang='lat' dir='ltr'><strong>homo</strong></span> <span class='ocrx_word' id='word_1_218' title='bbox 1046 3739 1166 3805; x_wconf 89' lang='lat' dir='ltr'><strong>homini</strong></span> <span class='ocrx_word' id='word_1_219' title='bbox 1182 3742 1354 3810; x_wconf 82' lang='lat' dir='ltr'><strong>conformis</strong></span> 
     </span>
     <span class='ocr_line' id='line_1_30' title="bbox 397 3842 1354 3930; baseline 0.003 -20"><span class='ocrx_word' id='word_1_220' title='bbox 397 3857 456 3921; x_wconf 87' lang='lat' dir='ltr'><strong>est,</strong></span> <span class='ocrx_word' id='word_1_221' title='bbox 472 3845 504 3909; x_wconf 92' lang='lat' dir='ltr'><strong>in</strong></span> <span class='ocrx_word' id='word_1_222' title='bbox 527 3844 673 3930; x_wconf 89' lang='lat' dir='ltr'><strong>eoquod</strong></span> <span class='ocrx_word' id='word_1_223' title='bbox 696 3855 832 3929; x_wconf 90' lang='lat' dir='ltr'><strong>uterque</strong></span> <span class='ocrx_word' id='word_1_224' title='bbox 854 3852 902 3905; x_wconf 89' lang='lat' dir='ltr'><strong>est</strong></span> <span class='ocrx_word' id='word_1_225' title='bbox 925 3842 1032 3921; x_wconf 89' lang='lat' dir='ltr'><strong>homo,</strong></span> <span class='ocrx_word' id='word_1_226' title='bbox 1052 3842 1112 3906; x_wconf 84' lang='lat' dir='ltr'><strong>etsi</strong></span> <span class='ocrx_word' id='word_1_227' title='bbox 1134 3846 1354 3929; x_wconf 83' lang='lat' dir='ltr'><strong>personalibus</strong></span> 
     </span>
     <span class='ocr_line' id='line_1_31' title="bbox 399 3944 1352 4033; baseline 0.004 -22"><span class='ocrx_word' id='word_1_228' title='bbox 399 3945 648 4033; x_wconf 86' lang='lat' dir='ltr'><strong>proprietatibus</strong></span> <span class='ocrx_word' id='word_1_229' title='bbox 659 3944 821 4009; x_wconf 85' lang='lat' dir='ltr'><strong>differant.</strong></span> <span class='ocrx_word' id='word_1_230' title='bbox 859 3944 1088 4009; x_wconf 86' lang='lat' dir='ltr'><strong>Habetautem</strong></span> <span class='ocrx_word' id='word_1_231' title='bbox 1100 3968 1352 4014; x_wconf 75' lang='lat' dir='ltr'><strong>commonacum</strong></span> 
     </span>
     <span class='ocr_line' id='line_1_32' title="bbox 398 4044 1353 4135; baseline 0.005 -24"><span class='ocrx_word' id='word_1_232' title='bbox 398 4070 482 4135; x_wconf 88' lang='lat' dir='ltr'><strong>equo</strong></span> <span class='ocrx_word' id='word_1_233' title='bbox 506 4049 536 4127; x_wconf 87' lang='lat' dir='ltr'><strong>(a</strong></span> <span class='ocrx_word' id='word_1_234' title='bbox 549 4071 616 4135; x_wconf 93' lang='lat' dir='ltr'><strong>quo</strong></span> <span class='ocrx_word' id='word_1_235' title='bbox 632 4058 700 4113; x_wconf 84' lang='lat' dir='ltr'><strong>tota</strong></span> <span class='ocrx_word' id='word_1_236' title='bbox 721 4046 834 4135; x_wconf 87' lang='lat' dir='ltr'><strong>specie,</strong></span> <span class='ocrx_word' id='word_1_237' title='bbox 850 4044 884 4111; x_wconf 91' lang='lat' dir='ltr'><strong>id</strong></span> <span class='ocrx_word' id='word_1_238' title='bbox 907 4060 965 4123; x_wconf 89' lang='lat' dir='ltr'><strong>est,</strong></span> <span class='ocrx_word' id='word_1_239' title='bbox 981 4045 1128 4111; x_wconf 86' lang='lat' dir='ltr'><strong>universa</strong></span> <span class='ocrx_word' id='word_1_240' title='bbox 1145 4062 1271 4116; x_wconf 74' lang='lat' dir='ltr'><strong>naturae</strong></span> <span class='ocrx_word' id='word_1_241' title='bbox 1286 4073 1353 4116; x_wconf 76' lang='lat' dir='ltr'><strong>suoe</strong></span> 
     </span>
     <span class='ocr_line' id='line_1_33' title="bbox 397 4148 1352 4238; baseline 0 -23"><span class='ocrx_word' id='word_1_242' title='bbox 397 4150 511 4233; x_wconf 77' lang='lat' dir='ltr'><strong>forma,</strong></span> <span class='ocrx_word' id='word_1_243' title='bbox 533 4163 577 4229; x_wconf 89' lang='lat' dir='ltr'><strong>et,</strong></span> <span class='ocrx_word' id='word_1_244' title='bbox 602 4161 639 4216; x_wconf 84' lang='lat' dir='ltr'><strong>ut</strong></span> <span class='ocrx_word' id='word_1_245' title='bbox 662 4150 706 4214; x_wconf 89' lang='lat' dir='ltr'><strong>sic</strong></span> <span class='ocrx_word' id='word_1_246' title='bbox 728 4148 877 4229; x_wconf 87' lang='lat' dir='ltr'><strong>dixerim,</strong></span> <span class='ocrx_word' id='word_1_247' title='bbox 901 4161 969 4214; x_wconf 90' lang='lat' dir='ltr'><strong>tota</strong></span> <span class='ocrx_word' id='word_1_248' title='bbox 989 4148 1070 4214; x_wconf 78' lang='lat' dir='ltr'><strong>facie</strong></span> <span class='ocrx_word' id='word_1_249' title='bbox 1091 4149 1240 4235; x_wconf 83' lang='lat' dir='ltr'><strong>dissidet)</strong></span> <span class='ocrx_word' id='word_1_250' title='bbox 1263 4152 1352 4238; x_wconf 90' lang='lat' dir='ltr'><strong>quod</strong></span> 
     </span>
     <span class='ocr_line' id='line_1_34' title="bbox 398 4250 1353 4339; baseline 0.002 -23"><span class='ocrx_word' id='word_1_251' title='bbox 398 4255 511 4319; x_wconf 88' lang='lat' dir='ltr'><strong>vivunt</strong></span> <span class='ocrx_word' id='word_1_252' title='bbox 523 4266 555 4319; x_wconf 92' lang='lat' dir='ltr'><strong>et</strong></span> <span class='ocrx_word' id='word_1_253' title='bbox 570 4252 723 4331; x_wconf 87' lang='lat' dir='ltr'><strong>sentiunt,</strong></span> <span class='ocrx_word' id='word_1_254' title='bbox 734 4251 862 4332; x_wconf 86' lang='lat' dir='ltr'><strong>scilicet,</strong></span> <span class='ocrx_word' id='word_1_255' title='bbox 873 4252 962 4339; x_wconf 91' lang='lat' dir='ltr'><strong>quod</strong></span> <span class='ocrx_word' id='word_1_256' title='bbox 976 4251 1125 4317; x_wconf 88' lang='lat' dir='ltr'><strong>animalia</strong></span> <span class='ocrx_word' id='word_1_257' title='bbox 1139 4266 1224 4317; x_wconf 88' lang='lat' dir='ltr'><strong>sunt.</strong></span> <span class='ocrx_word' id='word_1_258' title='bbox 1264 4250 1353 4318; x_wconf 92' lang='lat' dir='ltr'><strong>Illud</strong></span> 
     </span>
     <span class='ocr_line' id='line_1_35' title="bbox 398 4353 1354 4443; baseline 0 -24"><span class='ocrx_word' id='word_1_259' title='bbox 398 4356 509 4442; x_wconf 88' lang='lat' dir='ltr'><strong>itaque</strong></span> <span class='ocrx_word' id='word_1_260' title='bbox 538 4356 569 4421; x_wconf 90' lang='lat' dir='ltr'><strong>iu</strong></span> <span class='ocrx_word' id='word_1_261' title='bbox 597 4378 663 4443; x_wconf 89' lang='lat' dir='ltr'><strong>quo</strong></span> <span class='ocrx_word' id='word_1_262' title='bbox 692 4354 885 4420; x_wconf 86' lang='lat' dir='ltr'><strong>conveniunt</strong></span> <span class='ocrx_word' id='word_1_263' title='bbox 916 4353 1069 4431; x_wconf 83' lang='lat' dir='ltr'><strong>homines,</strong></span> <span class='ocrx_word' id='word_1_264' title='bbox 1095 4368 1220 4419; x_wconf 71' lang='lat' dir='ltr'><strong>naturas</strong></span> <span class='ocrx_word' id='word_1_265' title='bbox 1248 4354 1354 4419; x_wconf 79' lang='lat' dir='ltr'><strong>forma</strong></span> 
     </span>
     <span class='ocr_line' id='line_1_36' title="bbox 399 4454 1353 4541; baseline -0.002 -18"><span class='ocrx_word' id='word_1_266' title='bbox 399 4457 526 4538; x_wconf 83' lang='lat' dir='ltr'><strong>similes,</strong></span> <span class='ocrx_word' id='word_1_267' title='bbox 542 4471 573 4523; x_wconf 92' lang='lat' dir='ltr'><strong>et</strong></span> <span class='ocrx_word' id='word_1_268' title='bbox 591 4456 658 4522; x_wconf 89' lang='lat' dir='ltr'><strong>solo</strong></span> <span class='ocrx_word' id='word_1_269' title='bbox 674 4478 808 4521; x_wconf 87' lang='lat' dir='ltr'><strong>numero</strong></span> <span class='ocrx_word' id='word_1_270' title='bbox 824 4456 924 4541; x_wconf 93' lang='lat' dir='ltr'><strong>(qnod</strong></span> <span class='ocrx_word' id='word_1_271' title='bbox 940 4454 991 4519; x_wconf 87' lang='lat' dir='ltr'><strong>hio</strong></span> <span class='ocrx_word' id='word_1_272' title='bbox 1006 4454 1124 4519; x_wconf 82' lang='lat' dir='ltr'><strong>scilieet</strong></span> <span class='ocrx_word' id='word_1_273' title='bbox 1140 4474 1235 4533; x_wconf 89' lang='lat' dir='ltr'><strong>unus,</strong></span> <span class='ocrx_word' id='word_1_274' title='bbox 1251 4469 1283 4523; x_wconf 87' lang='lat' dir='ltr'><strong>et</strong></span> <span class='ocrx_word' id='word_1_275' title='bbox 1297 4455 1353 4523; x_wconf 88' lang='lat' dir='ltr'><strong>ille</strong></span> 
     </span>
    </p>
   </div>
   <div class='ocr_carea' id='block_1_3' title="bbox 0 0 1820 5317">
    <p class='ocr_par' dir='ltr' id='par_1_3' title="bbox 0 0 1820 5317">
     <span class='ocr_line' id='line_1_37' title="bbox 0 0 1820 5317; baseline 0 0"><span class='ocrx_word' id='word_1_276' title='bbox 0 0 1820 5317; x_wconf 95' lang='lat' dir='ltr'><strong> </strong></span> 
     </span>
    </p>
   </div>
  </div>
 </body>
</html>
