3625 5317
414 780 486 826 ose.
502 760 606 840 xxia]
691 824 700 832 ,
797 778 1039 825 unrsuoorcus.
1323 769 1366 827 59

415 940 523 996 autem
551 926 593 995 ad
615 927 812 1017 splendorem
842 929 892 995 sui
919 929 1037 1015 operis,
1062 928 1200 995 alienum
1223 952 1365 1016 manum

416 1042 569 1106 assuerat,
606 1028 838 1113 deprehensum
877 1027 1092 1114 redarguebat
1127 1032 1271 1095 furtum:
1309 1029 1366 1095 sed

416 1152 540 1216 poenam
565 1128 736 1216 saepissime
765 1152 827 1193 non
859 1128 1035 1215 infligebat.
1080 1130 1132 1194 Sic
1161 1152 1237 1193 vero
1258 1130 1366 1196 redar-

415 1247 542 1319 gutum,
560 1236 588 1299 si
603 1233 664 1297 hoc
684 1244 790 1299 tamen
813 1246 972 1298 meruerat
993 1233 1101 1320 inepta
1117 1232 1242 1318 positio,
1257 1232 1299 1297 ad
1312 1256 1368 1299 ex-

416 1333 614 1421 primendam
629 1349 797 1399 auctorum
814 1333 996 1419 imaginem,
1009 1335 1154 1400 modesta
1167 1333 1368 1419 indulgentia

417 1435 624 1503 conscendere
649 1435 799 1523 jubebat,
827 1435 1040 1521 faciebatque,
1076 1445 1114 1500 ut
1142 1435 1199 1523 qni
1234 1436 1370 1521 majores

417 1536 616 1615 imitabatur,
646 1537 736 1601 fieret
764 1538 900 1622 posteris
929 1536 1113 1602 imitandus.
1170 1535 1210 1601 ld
1238 1558 1369 1623 quoque

418 1639 502 1703 iuter
523 1636 627 1720 prima
647 1635 831 1703 rudimenta
851 1634 997 1715 docebat,
1017 1649 1050 1700 et
1072 1636 1226 1721 infigebat
1246 1634 1371 1714 animis,

419 1736 542 1823 quaein
556 1737 730 1801 wnomia
744 1736 866 1809 uirtus;
890 1737 1009 1819 quaein
1025 1734 1138 1799 decore
1157 1758 1276 1815 rerum,
1296 1755 1372 1819 quae

420 1838 454 1904 in
471 1837 576 1903 verbis
591 1836 751 1902 laudanda
766 1850 860 1901 suat:
885 1834 941 1900 ubi
951 1834 1100 1913 tenuitas,
1115 1848 1146 1901 et
1159 1836 1252 1921 quasi
1260 1836 1374 1901 macies

421 1936 585 2015 sermonis,
602 1938 659 2002 ubi
673 1939 764 2022 copia
779 1936 966 2022 probabilis,
982 1934 1037 2001 ubi
1052 1938 1220 2017 excedens,
1235 1938 1291 2003 ubi
1305 1960 1373 2001 orn·

422 2041 511 2108 uiam
536 2040 660 2105 modus.
705 2039 877 2116 Historias,
900 2051 1058 2124 poemata,
1080 2038 1293 2123 percurrenda
1308 2061 1375 2103 ano

423 2140 519 2208 nebat
534 2139 705 2226 diligenter
720 2138 864 2227 quidem,
879 2138 978 2225 etqui
989 2137 1077 2204 velut
1087 2138 1185 2206 nullis
1196 2139 1374 2205 calcaribus

426 2241 623 2327 urgebantur
642 2240 683 2305 ad
706 2241 838 2327 fugam:
862 2254 950 2307 etex
969 2241 1114 2325 singulis,
1129 2242 1252 2331 aliquid
1268 2264 1376 2309 recou-

426 2342 529 2409 ditum
551 2342 584 2407 in
608 2342 770 2419 memoria,
796 2342 948 2407 diurnum
974 2341 1130 2421 debitum,
1154 2344 1301 2430 diligenti
1327 2342 1374 2409 in·

426 2444 542 2512 stantia
556 2444 719 2529 exigebat.
753 2444 924 2533 Superflua
939 2458 1043 2511 tamen
1058 2445 1212 2532 fugienda
1227 2445 1374 2520 diceban

427 2558 458 2613 et
475 2568 513 2611 ea
527 2544 680 2623 sufficere,
695 2570 803 2632 quaen
825 2546 918 2613 claris
939 2547 1123 2612 auctoribus
1143 2547 1262 2632 scripta
1281 2559 1374 2613 aunt:

426 2643 582 2731 siquidem
592 2651 740 2729 persequi
754 2648 834 2729 qnid
848 2651 921 2731 quia
934 2670 1082 2731 anqrmm
1095 2650 1379 2732 contemptiaaimo·

428 2768 501 2811 rura
516 2750 679 2813 lominum
695 2750 822 2828 dicerit,
837 2755 898 2812 aut
911 2751 1018 2813 nimia
1032 2752 1176 2828 miseria,
1191 2758 1252 2813 ant
1264 2752 1380 2816 inania

422 2851 592 2929 jactantiae
606 2855 664 2925 est,
681 2855 712 2913 et
727 2850 858 2923 detinet,
875 2856 968 2930 atque
981 2850 1088 2913 obruit
1108 2852 1250 2929 ingenia,
1266 2852 1381 2915 melias

431 2954 506 3017 aliia
527 2958 706 3015 uacatara:
736 2951 820 3031 quad
840 2956 947 3013 autem
973 2952 1088 3013 melias
1109 2952 1202 3026 toltit,
1224 2973 1260 3015 eo
1280 2972 1382 3033 nsque

430 3072 498 3117 non
510 3051 652 3133 prodest,
666 3048 754 3135 quod
770 3071 828 3113 uec
842 3048 920 3113 boni
938 3061 1085 3114 censetur
1106 3050 1250 3116 nomine:
1275 3073 1382 3117 omnes

433 3152 518 3216 enim
541 3150 672 3215 schedas
694 3164 854 3229 excutere,
877 3164 910 3217 et
933 3150 1057 3216 volvere
1079 3152 1261 3239 scripturas,
1285 3154 1380 3219 etiam

432 3253 568 3319 lectione
581 3254 740 3340 indignas,
763 3276 825 3319 non
846 3258 950 3341 magia
966 3254 1007 3321 ad
1024 3278 1089 3321 rem
1112 3257 1261 3342 pertinet,
1284 3278 1382 3343 quam

434 3356 573 3425 anilibus
587 3355 706 3421 fabulis
725 3379 852 3445 operam
875 3358 963 3421 dare.
1008 3358 1056 3423 Ut
1073 3358 1156 3423 enim
1170 3362 1216 3425 ait
1238 3360 1381 3443 August.

434 3458 467 3523 in
482 3458 538 3523 lib.
553 3457 595 3522 de
609 3458 720 3523 ordine
736 3484 744 3522 ι
770 3462 852 3535 Quis
861 3462 957 3545 serat
971 3462 1154 3543 imperitam
1169 3463 1273 3526 rideri
1286 3463 1384 3524 nomi·

435 3582 517 3641 nem,
538 3564 594 3644 qai
614 3563 733 3626 uolasse
753 3564 916 3627 Dedalarn
936 3583 1002 3627 non
1023 3564 1185 3627 audierit:
1207 3564 1385 3628 mendaeem

435 3665 602 3746 diamani
616 3662 742 3736 dicerit,
753 3665 893 3741 stultam,
905 3664 1148 3744 qaicrcdiderit,
1156 3665 1386 3746 impudentem,

437 3765 495 3845 qai
515 3765 773 3845 interrogaverit,
789 3782 855 3825 non
869 3765 1002 3827 uideri?
1045 3762 1115 3827 aar
1135 3766 1173 3827 in
1187 3785 1250 3845 quo
1264 3772 1385 3829 nntros

428 3866 617 3948 familiares
627 3867 772 3947 grauiter
795 3866 943 3929 miserari
955 3868 1046 3941 soleo,
1065 3868 1242 3947 crisinon
1258 3888 1386 3950 respera-

440 3967 548 4031 derint
561 3968 640 4049 qaid
652 3973 762 4031 uocata
778 3968 821 4030 sit
836 3976 938 4031 mater
951 3967 1105 4048 Euryali,
1121 3975 1320 4032 awusantar
1334 3971 1386 4031 in·

440 4068 555 4131 scitia:
577 4090 677 4150 qnum
692 4070 755 4151 ipsi
769 4090 829 4149 eoa,
844 4092 864 4133 a
881 4069 996 4151 quibus
1009 4071 1264 4151 interrogaretur,
1277 4090 1386 4145 uanos,

440 4168 576 4249 ineptos,
606 4176 637 4231 et
658 4170 807 4243 curiosos,
830 4189 896 4231 non
918 4169 1063 4231 audeant
1088 4171 1261 4251 appellare.
1306 4170 1388 4230 Haeo

442 4267 570 4353 quidem
587 4266 650 4342 ille,
673 4268 842 4353 eleganter,
860 4283 891 4333 et
907 4291 990 4333 vere.
1035 4269 1132 4332 Unde
1152 4270 1235 4330 iuter
1253 4266 1389 4328 virtutes

441 4368 640 4451 grammatici
662 4368 774 4434 merito
789 4378 970 4453 reputatum
993 4379 1039 4435 est
1055 4369 1263 4447 abantiquis,
1279 4368 1390 4449 aliqua
