3625 5317
385 826 457 871 cae.
475 808 536 889 χι]
726 826 966 871 neranoorcns.
1293 807 1329 866 81

385 974 508 1061 petitio,
531 989 562 1041 et
586 972 749 1047 consilium
770 976 957 1051 amicorum,
981 990 1017 1041 ut
1036 974 1173 1040 officium
1191 972 1335 1037 docentis

385 1078 584 1162 aggrederer.
623 1077 732 1141 Pa‘rui.
772 1075 931 1141 Reversus
944 1077 1054 1162 itaque
1068 1076 1099 1139 in
1119 1074 1181 1137 fine
1197 1069 1336 1147 triennii,

385 1179 488 1264 reperi
517 1178 707 1264 magistrum
727 1177 934 1255 ·Gilbertum,
963 1177 1134 1263 ipsumque
1162 1173 1274 1243 audivi
1300 1174 1333 1236 in

385 1276 523 1363 Logicis,
547 1288 580 1343 et
601 1277 736 1343 divinis:
769 1279 823 1344 sed
846 1278 941 1343 nimis
969 1279 1032 1342 cito
1062 1278 1249 1342 subtractus
1274 1286 1333 1339 est.

385 1381 541 1447 Successit
565 1379 726 1445 Robertus
749 1382 874 1462 Pullus,
896 1402 990 1466 quem
1006 1381 1075 1445 vita
1094 1380 1215 1465 pariter
1228 1388 1261 1441 et
1276 1375 1334 1439 sci·

384 1479 469 1545 entia
497 1480 772 1546 commendabant.
830 1480 956 1546 Deinde
986 1505 1036 1545 me
1064 1481 1190 1567 excepit
1220 1480 1334 1545 Simon

385 1584 603 1661 pazsoensis,
632 1583 715 1647 lidus
746 1582 854 1659 lector,
884 1584 939 1647 sed
968 1583 1113 1647 obtusior
1141 1582 1333 1666 disputator.

385 1682 448 1747 Sed
464 1683 523 1747 hos
543 1683 624 1749 duos
637 1684 670 1746 in
686 1684 760 1747 solis
780 1684 985 1769 Theologicis
999 1684 1098 1747 habui
1113 1692 1335 1767 preceptores.

384 1782 440 1848 Sic
469 1783 535 1846 sere
564 1785 819 1847 duodecennium
848 1783 927 1847 mihi
954 1784 1095 1869 elapsum
1124 1794 1185 1860 est,
1205 1779 1338 1845 diversis

384 1882 503 1949 studiis
513 1900 679 1970 occupato.
714 1882 901 1949 ,Iucundum
914 1883 1024 1971 itaque
1035 1882 1136 1947 visum
1147 1892 1337 1961 est,veteres

385 2004 466 2069 quos
481 1985 684 2073 reliqueram,
700 2000 732 2048 et
749 2008 829 2072 quos
851 1984 957 2049 adhuc
980 1983 1156 2049 Dialectica
1175 1982 1339 2048 detinebat

385 2089 418 2150 in
433 2101 552 2163 monte,
570 2088 704 2150 revisere
723 2088 834 2165 socios,
855 2086 998 2150 conferre
1012 2108 1085 2151 cum
1101 2086 1147 2151 eis
1161 2107 1256 2173 super
1270 2108 1335 2150 am-

387 2188 604 2273 biguitatibus
626 2188 784 2275 pristinis:
810 2200 846 2251 ut
876 2200 1017 2252 nostrum
1044 2185 1189 2267 invicem,
1210 2211 1250 2251 ex
1274 2188 1337 2252 col-

386 2288 503 2355 latione
530 2302 653 2366 mutua,
684 2288 939 2353 commetiremur
968 2288 1159 2375 proiectum.
1208 2290 1336 2355 Inventi

388 2403 461 2455 sunt
478 2391 532 2476 qui
546 2390 685 2467 fuerent,
701 2398 734 2455 et
750 2389 823 2454 ubi:
848 2390 1049 2476 nequeenim
1063 2390 1104 2455 ad
1124 2390 1261 2477 palmam
1279 2393 1336 2456 cisi

387 2503 462 2557 sunt
487 2495 672 2578 processisse
688 2492 729 2556 ad
751 2493 945 2579 quaestiones
960 2492 1109 2577 pristinas
1132 2492 1337 2575 dirimendas,

386 2614 491 2679 neque
520 2592 820 2679 propositiunculam
852 2615 947 2658 unam
971 2593 1160 2680 adjecerant.
1210 2594 1337 2673 Quibus

392 2695 548 2779 urgebant
571 2695 717 2773 stimulis,
740 2695 857 2760 eisdem
875 2707 909 2759 et
922 2694 984 2778 ipsi
1007 2695 1215 2781 urgebantur,
1232 2698 1336 2782 prole·

390 2810 498 2861 cerant
508 2796 540 2860 in
554 2819 619 2862 uno
627 2799 795 2871 duntaxat,
807 2798 993 2861 dedicerant
1003 2800 1143 2873 modum,
1153 2802 1339 2862 modestiam

387 2898 589 2963 nesciebant:
616 2898 696 2962 adeo
718 2897 849 2983 quidem
880 2909 918 2960 ut
946 2896 988 2959 de
1009 2897 1206 2980 reparatione
1228 2918 1338 2962 eorum

392 3013 499 3086 posset
514 2999 688 3086 desperari.
733 3002 899 3083 Expertus
912 2998 1022 3084 itaque
1036 3020 1107 3062 sum
1122 2998 1208 3085 quod
1218 2998 1342 3085 liquido

387 3098 498 3183 colligi
513 3110 629 3182 potest,
649 3098 726 3185 quia
740 3100 824 3163 sicut
847 3097 1021 3163 Dialectica
1042 3099 1119 3163 alias
1132 3099 1263 3186 expedit
1278 3100 1342 3165 dis·

389 3196 538 3285 cipimus,
553 3197 607 3274 sic,
623 3200 649 3263 si
664 3199 730 3264 sola
748 3200 858 3278 fuerit,
869 3200 956 3286 jacet
977 3200 1148 3286 exsanguis
1161 3214 1194 3267 et
1214 3200 1341 3283 sterilis,

388 3322 447 3365 nec
471 3299 511 3364 ad
541 3298 680 3366 fructum
703 3300 912 3387 philosophiae
941 3301 1105 3368 loecuudat
1133 3304 1281 3383 animam,
1312 3307 1339 3371 si

390 3398 519 3465 aliunde
535 3424 596 3467 noo
613 3403 761 3490 concipit.

537 3590 617 3676 Cap.
637 3595 684 3655 ll.
710 3591 798 3665 Quid
812 3591 879 3654 sola
894 3594 1074 3657 Dialectica
1084 3600 1196 3677 possit.

435 3707 504 3771 Esr
530 3719 636 3771 tamen
662 3707 751 3792 quod
778 3707 917 3773 solitaria
943 3710 1112 3795 pollicetur
1140 3725 1173 3777 et
1199 3728 1341 3799 prestat,

392 3808 491 3901 solius
504 3809 720 3894 grammaticae
732 3806 869 3875 subnixa
880 3811 1044 3897 praesidio:
1068 3817 1247 3899 propositas
1257 3817 1340 3881 enim

392 3910 433 3975 de
448 3933 481 3975 se
495 3910 625 3997 expedit
646 3911 849 3998 questiones,
865 3912 920 3977 sed
941 3912 982 3977 ad
998 3914 1061 3979 alia
1080 3937 1142 3979 uon
1157 3920 1340 4005 consurgit:

392 4008 488 4097 quale
514 4024 579 4085 est;
614 4024 660 4074 an·
680 4010 836 4077 affirmare
858 4011 900 4077 sit
922 4014 1101 4090 enunciare,
1123 4029 1156 4080 et
1181 4040 1222 4081 an
1248 4018 1342 4084 simul

393 4124 519 4177 exstare
534 4112 634 4199 possit
644 4112 862 4179 contradictio.
895 4118 968 4181 Hoc
978 4131 1084 4182 autem
1100 4118 1179 4205 quid
1192 4120 1233 4185 ad
1250 4142 1343 4190 usum

394 4212 469 4276 vitae
491 4212 644 4292 conterat,
665 4212 691 4276 si
714 4234 775 4276 non
799 4228 845 4279 est
869 4216 1100 4283 adminiculans
1122 4219 1186 4293 alii,
1210 4220 1345 4306 quisque

392 4312 559 4399 dijudicet.
605 4316 763 4379 Ceterum
788 4338 826 4379 an
851 4317 998 4406 voluptas
1021 4319 1105 4384 bona
1123 4320 1182 4383 sit:
1210 4342 1250 4383 an
1267 4342 1345 4407 prce-

394 4413 542 4499 eligenda
557 4414 721 4491 virtus,an
736 4415 768 4478 in
782 4439 905 4482 summo
916 4420 1009 4483 bone
1023 4419 1240 4497 habitudines,
1250 4443 1289 4486 an
1305 4424 1345 4489 sit

438 4536 512 4581 vot..
530 4538 559 4579 v.
888 4540 907 4580 c
