3625 5317
475 776 539 837 2⁷0
734 788 872 835 ronuurr
887 787 1167 839 musnarnusrs

561 940 710 1025 Quinque
725 962 816 1005 sunm
832 962 950 1005 munus
964 940 1170 1023 philosophia
1185 942 1275 1023 gerit.

475 1042 611 1107 Additur
624 1042 676 1105 his
691 1042 788 1105 series
803 1063 973 1107 censorum
987 1042 1228 1119 relationum,
1362 1047 1423 1106 oct

561 1143 649 1215 Ques
664 1141 844 1206 intellectus
858 1162 988 1207 cernere
1003 1144 1092 1205 solus
1105 1141 1217 1207 hebet.

474 1242 724 1327 Multiplicnndo
739 1243 869 1307 modum
884 1244 990 1307 nescit
1004 1244 1106 1307 virtus
1120 1266 1336 1323 numerorum,

561 1348 606 1409 Et
620 1345 718 1409 finem
732 1345 859 1426 mugnis
875 1345 978 1409 sectio
992 1346 1083 1409 nulle
1097 1346 1185 1410 fecit.

475 1448 602 1512 Crescit
615 1446 648 1510 in
664 1446 853 1509 immensum
869 1466 1032 1523 numerus,
1046 1447 1116 1510 sine
1130 1444 1196 1509 tine
1211 1447 1343 1511 resolvit

561 1549 756 1614 Continuum
772 1546 921 1631 quodvis,
936 1546 993 1611 sed
1007 1548 1131 1612 tudone
1146 1559 1264 1631 potest.
1363 1554 1425 1613 970

476 1650 569 1725 Quod
581 1650 751 1731 ingenim
762 1650 900 1711 hominio
909 1651 997 1711 circa
1008 1650 1118 1729 prima
1128 1656 1161 1713 at
1175 1650 1291 1713 ultima
1304 1650 1424 1732 deficit.

475 1752 596 1817 Deficit
609 1750 783 1831 ingenium,
798 1770 897 1834 quum
913 1750 1015 1814 tendit
1028 1751 1071 1814 nd
1086 1752 1215 1827 ultimu3
1237 1753 1338 1829 solus,

560 1855 624 1927 Qui
638 1854 718 1919 fucit
732 1864 828 1937 utque
844 1854 935 1935 regit,
951 1852 1054 1936 primu
1070 1852 1179 1917 videre
1194 1866 1312 1938 potest,

475 1956 634 2038 Cognitus
649 1955 701 2017 ille
717 1955 777 2018 sibi
792 1956 887 2038 plene
903 1956 1044 2038 solisque
1059 1956 1163 2019 beatis

560 2052 742 2140 spiritibus,
759 2066 915 2137 quantum
930 2055 1032 2135 gretia
1046 2056 1164 2139 cuique
1181 2056 1275 2119 lsret.

475 2159 545 2221 Ncc
561 2156 601 2221 dc
616 2156 787 2240 principiis
800 2166 887 2219 recte
902 2176 1034 2221 censere
1049 2158 1164 2220 licebit
1362 2161 1424 2218 975

561 2259 679 2323 Prreter
693 2278 778 2335 eum,
794 2258 849 2339 qui
862 2255 918 2320 dat
932 2259 1083 2321 omnibus
1097 2278 1171 2322 erse
1186 2279 1290 2321 suurn.

779 2358 832 2419 Dc
846 2360 959 2421 anima
974 2359 1122 2421 dominic

474 2462 572 2524 Mens
586 2459 734 2535 heminis,
749 2478 902 2522 numerus
919 2460 1059 2543 simplex
1074 2470 1233 2544 aptusque
1248 2480 1373 2523 morere

561 2559 649 2640 Sese,
663 2560 838 2625 conformis
854 2561 971 2625 dicitur
985 2584 1056 2627 esse
1071 2566 1153 2626 Deo.

476 2668 562 2730 Nam
578 2666 669 2729 Deus
683 2678 720 2728 ut
734 2662 889 2726 mundum
903 2675 1008 2727 totum
1023 2666 1114 2746 regit,
1128 2667 1241 2748 implet
1254 2672 1288 2727 et
1301 2664 1412 2741 ambit,

561 2768 615 2832 Sic
631 2767 746 2831 enimre
762 2787 880 2850 corpus
895 2765 1043 2831 subditur
1057 2788 1153 2831 omne
1168 2788 1245 2831 sun.
1364 2768 1426 2827 980

475 2870 628 2935 Materies
644 2869 759 2932 enimse
774 2867 900 2932 diverse
916 2869 1037 2946 subest,
1052 2868 1230 2952 eademque

562 2971 617 3033 Ex
632 2968 801 3033 individuo
817 2979 866 3032 est
880 2968 1079 3052 dividuoque
1095 2970 1201 3044 simul,

474 3073 626 3155 Molcquc
642 3091 796 3153 corporee
810 3072 962 3154 premitur
977 3070 1075 3133 virtus
1090 3071 1279 3147 animarum,

562 3172 651 3234 Hinc
669 3171 781 3251 magis,
796 3170 872 3235 inde
887 3173 1005 3249 minus,
1021 3180 1057 3234 ut
1070 3192 1146 3234 cero
1155 3171 1272 3252 juncta
1286 3170 1372 3232 sinit.

628 3270 682 3331 Dr
696 3276 780 3331 rnatu
796 3271 984 3335 rationabili
996 3278 1028 3335 at
1042 3271 1269 3337 irrationabili.

475 3375 621 3456 Suntque
637 3369 702 3432 duo
717 3382 824 3433 motus
839 3392 990 3437 erroneus
1004 3386 1038 3437 et
1050 3374 1194 3450 rationis,
1210 3366 1215 3375 ’
1364 3374 1427 3433 986

566 3472 628 3535 Ηὶο
645 3470 731 3551 riget
744 3470 778 3531 in
794 3472 938 3550 summis,
954 3474 1033 3537 alter
1047 3472 1088 3536 ud
1103 3474 1168 3536 imn
1181 3473 1286 3536 trehit.

490 3578 541 3639 Da
554 3572 796 3639 immortalitate
809 3572 933 3637 arrimae
946 3581 979 3637 et
991 3594 1159 3655 corporum
1173 3574 1413 3637 mancatione.

477 3678 559 3742 Sunt
572 3676 765 3739 immortales
781 3677 910 3754 nnimae,
926 3698 1108 3760 corpusque
1123 3676 1282 3741 caducum

564 3776 689 3851 Interit,
704 3788 737 3839 ct
750 3776 879 3841 tandem
895 3778 1031 3859 pristinu
1046 3778 1109 3840 ritu
1124 3777 1216 3841 redit.

805 3877 858 3941 De
871 3898 990 3959 niagno
1003 3898 1102 3942 cauo.

477 3979 615 4044 Pristinn
629 3979 694 4041 vitn
709 3978 800 4055 redit,
816 4000 916 4063 quum
932 3981 1037 4060 magni
1053 3980 1207 4043 terminus
1221 3982 1299 4043 unni

548 4080 597 4144 Ad
614 4080 751 4164 primunr
768 4094 894 4143 revocat
910 4081 1015 4144 sidera
1029 4093 1148 4145 cuncis
1163 4082 1280 4143 locum.
1366 4088 1430 4145 990

477 4185 590 4247 Annus
605 4196 680 4246 tunc
697 4194 828 4243 renovat
843 4202 944 4243 nurus
960 4184 1077 4257 omniu,
1094 4204 1228 4265 corpora
1243 4204 1352 4247 rursus

564 4283 738 4365 Accipiunt
753 4280 879 4358 animae,
895 4293 1039 4364 tempora
1053 4286 1124 4364 lege
1139 4285 1250 4347 fluunt

478 4386 513 4448 Si
530 4396 683 4447 renovent
700 4380 852 4444 mundum
869 4384 947 4445 solis
960 4383 1111 4468 lunaequc
1128 4406 1289 4460 recursus,
