3625 5317
618 815 661 859 nn
678 813 834 859 MEMBRIS
848 811 1141 858 cousrraaurrnus.
1292 795 1353 856 ool

492 970 538 1032 Et
553 968 627 1050 gula
641 987 702 1030 nos
717 966 851 1030 nimium
867 967 1008 1049 pessima
1023 985 1109 1049 sape
1123 965 1248 1051 premit.

394 1068 458 1131 Illi
474 1079 585 1150 gustus
600 1068 704 1147 adest,
719 1067 771 1130 hic
787 1076 913 1150 portam
929 1077 1044 1144 serrat,
1060 1075 1091 1129 et
1104 1066 1160 1129 ille

490 1169 572 1230 Vilis
588 1167 671 1244 leno,
686 1186 809 1247 procax
823 1166 943 1247 garcio,
958 1185 1068 1229 scurra
1082 1185 1191 1246 vagus.

397 1269 452 1330 Hi
468 1267 532 1331 duo
546 1288 604 1351 per
617 1266 729 1330 mundi
744 1277 874 1330 currunt
889 1268 1066 1342 elementa;
1089 1263 1168 1348 quid
1183 1287 1248 1339 aer,

491 1365 579 1442 Quid
594 1369 697 1452 pariat
712 1369 817 1443 tellus,
833 1366 912 1451 quid
926 1367 1018 1445 freta,
1032 1367 1113 1429 scire
1128 1367 1252 1431 volunt.

396 1469 479 1535 Non
495 1469 631 1532 volucris
645 1489 764 1552 penna,
778 1489 845 1531 non
864 1467 974 1530 eradit
987 1463 1054 1530 fera
1069 1488 1176 1543 cursu,

489 1572 566 1633 Non
581 1579 681 1633 caetus
697 1579 763 1631 toto
778 1569 901 1650 gurgite
917 1577 1005 1631 tutus
1020 1567 1090 1630 erit.

400 1671 573 1736 Noverunt
586 1671 690 1734 varios
705 1670 738 1734 hi
754 1670 940 1753 dispensare
957 1689 1100 1752 sapores,

493 1774 540 1837 Ut
554 1771 656 1853 magis
672 1771 827 1847 alliciant,
841 1770 1042 1854 illiciantque
1058 1770 1152 1834 cibis.

402 1871 529 1937 Gustus
545 1872 710 1945 disceruit,
726 1869 814 1955 quod
830 1870 1014 1933 transmittit
1028 1871 1114 1952 gula,
1130 1878 1240 1933 center

491 1971 670 2036 abscondit
679 1993 689 2047 ;
711 1972 825 2054 probet
840 1970 908 2047 hic,
923 1971 993 2032 hoee
1009 1969 1103 2053 rapit,
1118 1969 1172 2032 ille
1186 1969 1285 2054 capit.

402 2075 433 2138 Ο
449 2085 567 2153 venter,
582 2083 702 2158 quanto
719 2072 871 2155 deturpas
887 2071 1019 2134 crimine
1033 2070 1202 2146 mundum,

492 2173 763 2258 Immundumque
778 2173 868 2250 facis,
882 2174 990 2256 turpia
1004 2192 1142 2256 quaeque
1156 2171 1308 2238 morena!

404 2279 541 2362 Propter
556 2287 587 2342 te
603 2278 685 2340 fiunt
699 2277 885 2353 homicidia,
902 2277 996 2355 furta,
1011 2278 1143 2361 rapina,

492 2377 636 2457 Insidiae,
651 2386 783 2460 strages,
794 2377 912 2463 jurgia,
927 2378 1025 2453 bella,
1040 2378 1120 2455 doli,

407 2479 514 2544 Currit
528 2479 569 2542 ad
584 2479 756 2544 ecclesiam
773 2480 961 2556 monachus,
977 2481 1070 2545 miles
1085 2482 1167 2563 gerit
1181 2502 1280 2560 arma,

495 2577 610 2643 Navita
625 2589 767 2644 sectatur
780 2580 880 2655 lucra,
897 2581 1034 2643 colonus
1049 2594 1126 2645 arat.

405 2680 462 2744 Ex
477 2689 508 2743 te
524 2681 676 2744 virtutum
691 2699 795 2756 casus,
810 2680 990 2761 animatque
1005 2680 1111 2756 ruina,

490 2782 711 2843 Membrorum
726 2789 843 2861 pestes,
857 2778 1060 2860 luxuriaque
1074 2779 1157 2843 luas.

402 2881 455 2944 Tu
473 2875 703 2942 Nabusaradan
721 2875 883 2959 princeps,
898 2875 1112 2960 dominusque
1127 2899 1291 2955 cocorum,

496 2978 646 3060 Namque
663 2976 723 3038 tibi
738 2995 809 3038 sero
824 2987 856 3038 et
870 2995 964 3038 mane
979 2975 1120 3058 coquina
1135 2979 1258 3062 strepit.

410 3083 465 3145 Tu
479 3079 566 3142 iollis
582 3077 734 3153 tumidus,
749 3096 804 3138 vas
819 3077 950 3159 plenum
966 3075 1115 3140 sordibus
1124 3101 1134 3154 ;
1156 3079 1256 3142 immo

494 3177 616 3240 Plenus
629 3176 709 3239 sace
724 3176 826 3252 loeus,
840 3195 906 3237 non
923 3175 1026 3250 locus,
1041 3175 1139 3241 immo
1155 3180 1256 3242 lacus.

406 3281 475 3344 Vos
491 3298 566 3360 ergo
582 3277 704 3352 fratres,
720 3294 846 3338 mecum
862 3275 1048 3350 discernite,
1064 3279 1168 3360 qualis

493 3379 558 3443 Hic
575 3377 737 3454 dominus,
752 3396 878 3439 mecum
896 3377 1027 3451 cernite,
1045 3381 1140 3462 quale
1149 3379 1275 3464 jugum.

406 3481 515 3566 Turpe
526 3481 642 3566 jugum
659 3478 768 3551 oredo,
787 3478 917 3562 quando
932 3499 1040 3543 servus
1056 3479 1249 3555 dominatur,

494 3583 541 3646 Et
555 3581 705 3645 dominus
721 3579 837 3656 servit3
859 3580 913 3644 hic
925 3579 1030 3662 jubet,
1047 3581 1102 3642 ille
1117 3581 1207 3656 facit,

406 3683 513 3769 Turpe
524 3683 640 3768 jugum
657 3703 741 3758 vere,
758 3681 887 3766 quando
904 3679 1026 3743 ratione
1042 3680 1172 3764 supulta

495 3786 533 3848 In
550 3785 644 3848 nobis
660 3793 771 3847 renter
785 3784 933 3867 imperat,
949 3781 1006 3844 illa
1019 3782 1105 3845 silet.

406 3884 521 3948 Vivere
538 3883 705 3961 debemus,
719 3883 913 3956 uonrentri,
931 3881 988 3946 sed
1003 3884 1136 3948 rationi:

492 3983 551 4046 Vir
565 3985 669 4046 bonus
684 3984 779 4056 hauc,
795 4005 860 4046 non
876 3984 976 4059 huno,
992 3997 1082 4068 optat
1099 3986 1219 4051 habere
1235 3987 1362 4050 ducem.

407 4085 529 4148 Paulus
545 4083 607 4146 ait:
631 4084 752 4146 Venter
766 4103 850 4146 escae
865 4082 969 4160 datur,
984 4106 1124 4169 escaque
1138 4088 1239 4149 ventri
1252 4109 1261 4163 3

495 4184 578 4249 Sunt
592 4183 657 4247 duo
667 4185 784 4275 juncta
799 4184 873 4263 sibi,
888 4186 1000 4268 perdet
1015 4200 1184 4271 utrumque
1199 4189 1299 4252 Deus.

406 4288 476 4350 Nos
490 4306 566 4367 ergo
583 4285 774 4368 pudeattali
790 4285 904 4348 servire
920 4287 1074 4365 Patrono,

492 4385 603 4450 Gloria
618 4396 727 4450 nostra
741 4407 798 4470 per
812 4387 900 4450 hunc
916 4389 1131 4470 nobilitasque
1146 4388 1240 4471 perit,
