3625 5317
478 738 538 799 128
730 748 868 791 scennis
884 744 1161 790 ssesseunteuns
1270 728 1354 808 [ura.
1371 748 1422 793 nr.

474 905 660 967 universitas
680 900 910 983 sinpulnrinm,
925 899 1059 960 historie
1078 905 1206 961 nature
1223 908 1292 961 eet:
1318 919 1340 959 o
1356 919 1422 979 qun

474 1005 635 1080 crinitur,
650 997 801 1083 quicquid
815 999 850 1062 in
866 997 963 1061 rebus
975 994 1142 1061 actualiter
1155 1018 1359 1082 nequaquam
1373 996 1425 1060 in·

473 1104 608 1169 venitur.
654 1104 700 1165 Et
713 1100 864 1187 quoniam
885 1110 1100 1184 agnwnntnr
1115 1121 1156 1163 ex
1170 1098 1332 1183 subjectis,
1345 1099 1423 1163 talia

473 1216 558 1283 snut,
574 1215 610 1267 ut
629 1202 674 1268 eit
692 1200 854 1277 Boethius,
869 1200 1052 1287 praedicata,
1066 1199 1174 1288 qualia
1192 1200 1337 1286 subjecta
1349 1222 1424 1286 per·

473 1303 627 1369 miserint.
676 1301 772 1367 Unde
798 1301 897 1367 virtus
927 1300 1258 1387 praedicamentorum,
1284 1324 1359 1388 que
1386 1302 1420 1365 in

472 1407 623 1495 operibus
652 1416 775 1469 nature
800 1402 898 1487 riget,
925 1402 1010 1467 circe
1033 1402 1175 1467 divim
1199 1402 1421 1467 excellentiam

472 1507 639 1575 evanescit
677 1504 759 1571 Illuc
774 1503 860 1570 enim
876 1514 978 1568 tracta
993 1503 1090 1567 verba
1102 1514 1268 1568 mutentur
1282 1503 1420 1578 omnino,

472 1624 529 1679 aut
555 1610 633 1677 l'alss
658 1620 750 1685 sunt3
783 1605 1013 1693 multiplicatur
1041 1618 1075 1669 et
1099 1604 1189 1670 labor
1214 1627 1288 1670 cnm
1317 1628 1421 1670 errore

471 1737 595 1791 eorum,
624 1712 679 1800 qui
715 1711 778 1775 vim
815 1708 1135 1797 praedicamentorum
1169 1708 1348 1773 extendunt
1380 1709 1420 1773 ad

471 1818 589 1898 omnis,
614 1828 647 1881 et
677 1815 757 1879 fines
783 1810 976 1877 naturalium
1007 1810 1207 1887 excedentes,
1234 1810 1419 1875 subvertunt

470 1918 685 2004 integritatem
712 1915 797 1991 artis,
824 1915 902 1979 dum
928 1912 1053 1997 regulas
1080 1933 1144 1976 non
1170 1913 1335 1997 patiuntur
1358 1913 1420 1978 suis

470 2018 641 2106 generibus
652 2015 793 2081 limitari.
826 2014 943 2081 Omnis
953 2015 1039 2079 enim
1055 2014 1176 2099 regule,
1186 2028 1221 2079 et
1234 2015 1419 2081 universitas

471 2120 584 2195 omnis,
600 2116 695 2182 alicui
708 2115 818 2201 generi
834 2116 1074 2181 accommodata
1086 2127 1146 2195 est,
1158 2116 1249 2201 cnjus
1262 2118 1417 2182 ambitum

470 2222 497 2286 si
512 2218 706 2285 lasciviendo
726 2218 904 2295 excesserit,
920 2216 1006 2283 illico
1024 2218 1161 2284 vitiatur.
1210 2218 1356 2284 Profecto
1370 2242 1417 2284 re-

470 2344 542 2387 rum
567 2320 907 2408 predicamentalium,
931 2333 965 2386 et
987 2342 1180 2397 sennonem,
1203 2322 1347 2407 perutilis
1371 2332 1417 2387 est

470 2421 594 2503 notitia,
610 2431 645 2487 et
663 2421 793 2486 evidens
814 2422 856 2486 ab
880 2420 1052 2487 Aristotele
1075 2420 1252 2507 disciplina,
1274 2422 1418 2487 universa

469 2522 630 2602 describit,
647 2522 771 2604 dividit,
786 2536 819 2588 et
841 2525 1024 2610 docetque
1046 2524 1175 2589 veniant
1192 2525 1234 2590 ad
1256 2547 1417 2611 compara-

470 2626 603 2705 tionem,
612 2648 687 2713 quae
698 2625 914 2713 susceptibilia
929 2626 1158 2691 contrariorum
1173 2626 1332 2713 sintque
1346 2627 1418 2704 sint,

470 2750 605 2817 quorum
626 2728 800 2796 contraria:
827 2750 901 2814 quse
923 2727 1020 2792 totius
1041 2727 1271 2794 contrarietatis
1292 2730 1417 2814 ignara:

469 2832 652 2921 exemplum
676 2832 858 2919 relinquens
881 2829 1100 2916 posterisque
1122 2830 1161 2895 ad
1185 2830 1251 2895 veri
1273 2830 1416 2896 notitiam

469 2935 781 3024 compendiosissime
804 2933 996 3019 pervenitur.
1042 2932 1086 2997 Et
1106 2932 1183 3020 quis
1203 2933 1418 3019 multiplicitas

468 3060 662 3120 sennonnm,
671 3038 860 3125 plerumque
871 3034 1115 3120 intelligentiam
1127 3034 1257 3113 claudit,
1272 3036 1417 3123 quotiens

468 3139 593 3205 dicatur
616 3138 867 3224 unumquodque
891 3139 986 3203 docet
1008 3160 1076 3202 esse
1102 3138 1321 3224 querendum.
1369 3140 1416 3203 Ec

468 3238 555 3301 enim
578 3238 727 3321 pertinet,
743 3238 830 3323 quod
852 3241 885 3301 in
908 3240 1070 3325 oppositis,
1091 3252 1125 3304 et
1146 3240 1205 3318 his,
1229 3262 1304 3327 quae
1321 3247 1418 3327 prins

466 3348 527 3405 aut
541 3342 650 3419 simul,
664 3337 814 3402 dicuntur
834 3339 918 3404 etin
938 3342 1104 3427 speciebus
1124 3354 1238 3420 motus,
1254 3355 1287 3408 et
1309 3344 1418 3428 hujus-

467 3438 555 3503 modi
577 3438 679 3503 modis
700 3437 818 3505 librum
836 3441 985 3527 explevit.
1032 3444 1122 3508 Nihil
1145 3445 1229 3509 enim
1250 3445 1358 3509 utilius
1377 3444 1416 3510 ad

467 3539 643 3624 scientiam,
671 3553 727 3607 eut
756 3542 931 3621 victoriam,
961 3545 1162 3613 distinctione
1192 3569 1314 3627 eorum,
1342 3568 1416 3634 qne

406 3670 412 3677 ·
466 3642 685 3729 multipliciter
712 3646 925 3732 proferuntur.
980 3648 1149 3735 Contingit
1176 3661 1284 3715 sutem
1313 3662 1417 3727 tractu

465 3746 627 3829 temporis,
644 3760 677 3813 et
696 3747 921 3835 adquiescente
938 3749 1096 3814 utentium
1108 3750 1291 3841 'voluntate
1307 3751 1416 3816 multi·

465 3843 640 3931 plicitetem
656 3868 836 3913 sermonum
854 3851 950 3927 nasci,
966 3851 1108 3938 itemque
1129 3854 1284 3939 extingui.
1331 3854 1414 3917 Nam

464 3946 551 4034 apud
568 3947 771 4013 Aristotelem
794 3954 946 4017 cultellus
959 3962 1087 4034 acutus,
1101 3962 1216 4040 anguli
1235 3961 1325 4022 acuti
1346 3977 1416 4020 esse

464 4048 672 4134 significabat,
702 4072 803 4135 quum
834 4052 930 4117 modo
958 4054 1063 4139 potius
1095 4058 1241 4123 videatur
1274 4058 1414 4123 indicare

464 4150 557 4218 facile
571 4151 707 4218 secantis
729 4174 882 4219 acumen:
911 4153 955 4218 sic
970 4156 1056 4222 enim
1074 4158 1201 4238 dicitur,
1214 4164 1348 4245 plentius
1369 4164 1415 4227 bis

464 4268 588 4332 mutus,
604 4254 753 4342 quoniam
777 4255 938 4341 utrimque
959 4256 1051 4324 lecile
1071 4275 1167 4328 secet.
1213 4262 1368 4338 Quamvis
1383 4275 1416 4327 et

463 4353 534 4437 hoc,
558 4356 768 4443 perspicacius
797 4357 946 4437 intuenti,
972 4360 1014 4424 ab
1043 4365 1191 4430 acumine
1220 4364 1411 4450 angulorum
