3625 5317
457 744 499 802 nt
715 749 853 796 sosuurs
867 743 1148 793 saansaarusssrs
1287 724 1369 805 [rra.
1387 742 1411 787 r.

498 986 577 1069 Cap.
593 990 644 1047 22.
671 984 764 1058 Quod
777 984 970 1047 auctoritate
984 980 1118 1045 Seneca
1131 997 1228 1040 saum
1243 983 1379 1044 tueatur

863 1103 1008 1147 errorm.

507 1219 633 1281 Manno
662 1227 769 1281 tamen
805 1234 839 1277 sa
868 1213 1059 1280 Cornificius
1088 1224 1199 1276 tuetur
1227 1208 1351 1295 judice,
1380 1222 1414 1275 et

465 1316 579 1381 erroris
601 1316 650 1381 sui
674 1319 826 1381 Senecam
847 1314 960 1380 laudat
981 1325 1153 1379 auctorem.
1199 1314 1263 1390 Qui
1284 1311 1414 1397 quidem

467 1419 594 1485 duabus
616 1417 790 1494 decausis,
812 1418 927 1482 merito
951 1440 970 1484 a
990 1416 1142 1503 pluribus
1164 1413 1415 1480 commendatur.

467 1520 594 1587 Multus
605 1520 687 1585 enim
697 1531 745 1585 est
754 1520 787 1584 in
798 1519 894 1583 lauda
906 1518 1044 1598 virtutis,
1053 1538 1242 1602 morumque
1254 1515 1413 1586 doctrinas

468 1637 500 1690 ot
515 1623 702 1689 commatico
721 1646 835 1709 genere
855 1622 983 1688 dicendi
1007 1634 1100 1686 utens
1119 1619 1208 1705 quod
1229 1618 1369 1683 breviter
1383 1630 1415 1682 et

469 1725 637 1801 succincte,
653 1723 825 1790 sententias
843 1723 977 1808 colligit,
991 1736 1105 1787 ornatu
1125 1720 1293 1785 verborum
1314 1715 1419 1802 splen-

469 1826 543 1892 det:
575 1839 611 1891 ut
634 1826 679 1893 eis
701 1826 867 1912 displicere
889 1848 950 1889 non
974 1824 1085 1910 possit,
1106 1822 1163 1909 qui
1185 1832 1241 1886 aut
1263 1820 1417 1886 virtutem

469 1941 588 2008 amant,
611 1940 669 1991 aut
691 1926 915 2013 eloquentiam.
962 1928 1044 1990 Nam
1068 1938 1105 1990 ut
1127 1945 1206 2011 pace
1230 1922 1420 2001 Quintiliani

469 2028 663 2113 loquar(qui
680 2027 723 2090 sic
738 2027 875 2091 hominis
888 2026 1051 2110 ingenium
1067 2026 1190 2104 laudat,
1204 2038 1242 2089 ut
1257 2023 1418 2110 judicium

472 2127 590 2214 culpet,
618 2126 762 2213 dicitque
791 2150 863 2191 eum
889 2127 1040 2192 dulcibus
1068 2126 1155 2192 vitiis
1179 2125 1369 2201 abundasse,
1386 2138 1419 2189 et

472 2226 573 2311 magis
581 2226 737 2312 placuisse
746 2229 854 2313 pueris
863 2251 959 2315 quam
968 2229 1114 2306 eruditis,
1123 2242 1154 2292 et
1165 2249 1304 2292 summas
1312 2247 1419 2289 rerum

472 2325 693 2391 minutissimis
714 2327 879 2392 sententiis
903 2328 1059 2413 frangere,
1082 2326 1167 2393 unde
1191 2325 1265 2391 libri
1286 2326 1358 2412 ejus
1379 2326 1422 2393 sb

474 2450 539 2491 uno
564 2427 791 2512 imperatorum
821 2427 974 2514 appellati
999 2440 1087 2507 sunt,
1110 2451 1205 2493 arena
1233 2430 1300 2491 sine
1324 2425 1420 2506 ealce)

473 2526 583 2596 nullus
607 2527 690 2591 inter
717 2528 854 2612 gentiles
882 2529 1006 2593 ethicus
1033 2528 1207 2607 inuenitur,
1233 2541 1290 2596 aut
1319 2549 1424 2603 rarus,

474 2631 568 2715 eujus
587 2628 701 2706 verbis,
717 2647 774 2695 aut
791 2631 966 2708 sententiis,
981 2631 1013 2697 in
1033 2632 1118 2696 omni
1139 2630 1266 2715 negotio
1287 2651 1424 2696 commo-

475 2731 550 2797 dius
565 2732 612 2799 uti
625 2733 735 2818 possis.
765 2732 815 2798 Ad
825 2733 930 2799 omnia
941 2735 1036 2812 enim,
1047 2757 1141 2799 suum
1154 2732 1277 2820 aliquid
1289 2734 1424 2799 confert.

477 2834 581 2902 Sentit
603 2834 667 2911 hio,
691 2834 779 2923 quod
805 2834 983 2923 disciplinas
1006 2835 1154 2902 liberales
1175 2836 1280 2901 virum
1301 2836 1424 2906 bonum

477 2960 539 3001 noo
554 2938 686 3005 faciunt.
721 2940 794 3025 Ego
808 2940 837 3005 ei
852 2941 1032 3006 consentio:
1055 2953 1088 3005 et
1103 2940 1144 3006 de
1159 2940 1229 3007 aliis
1243 2942 1304 3006 boc
1317 2940 1424 3026 ipsum

478 3040 629 3105 arbitror.
668 3041 808 3107 Scientia
822 3043 905 3106 enirn
922 3042 1023 3119 indat,
1039 3044 1093 3107 sed
1109 3043 1225 3108 caritas
1239 3042 1305 3108 sola
1319 3041 1426 3107 virum

477 3141 552 3205 lacit
574 3142 704 3207 bonum.
748 3143 908 3228 Deprimit
930 3158 1025 3219 artes,
1040 3144 1098 3207 sed
1120 3156 1226 3210 tamen
1247 3168 1267 3209 a
1288 3144 1426 3232 philoso-

479 3240 556 3324 phia
570 3264 632 3305 non
649 3242 767 3327 rejicit:
791 3244 991 3327 nequeenim
1008 3243 1066 3306 soli
1078 3243 1261 3328 philosophi
1274 3246 1350 3309 boni
1366 3246 1427 3315 viri

479 3353 566 3404 sunt.
613 3342 861 3421 Grammaticus,
883 3341 1002 3425 inquit,
1025 3345 1111 3407 circo
1136 3364 1250 3408 curam
1272 3352 1429 3413 sommis

479 3448 646 3507 uersatur:
672 3451 704 3507 at
717 3450 755 3507 at
770 3445 898 3524 longius
918 3450 1081 3525 avondus,
1096 3447 1182 3509 circo
1196 3447 1364 3513 historias:
1391 3462 1428 3516 ut

480 3541 660 3626 longissime
669 3544 833 3630 procedat,
842 3543 926 3607 circa
935 3544 1084 3610 carmina.
1115 3550 1187 3612 Hoc
1196 3559 1302 3613 autem
1312 3572 1428 3633 parum

482 3662 543 3713 non
559 3661 617 3716 est,
634 3645 688 3708 sed
704 3644 879 3731 plurimum
895 3645 1024 3732 prodest
1038 3647 1079 3711 ad
1097 3649 1350 3715 informationem
1366 3652 1429 3714 vir-

481 3744 571 3822 tutis,
588 3767 661 3830 quae
681 3744 756 3811 facit
776 3746 880 3810 virum
903 3748 1033 3814 bonum.
1078 3750 1245 3816 Gloriatur
1261 3752 1429 3829 Horatius,

481 3868 525 3926 sc,
539 3847 670 3913 virtutis
684 3871 790 3926 causa,
805 3848 952 3936 relegisse
968 3852 1166 3927 Homerum

587 3980 642 4041 Qui
653 3982 715 4049 quid
727 3982 762 4033 sit
773 3980 916 4053 pulchrum,
928 3984 989 4052 quid
1001 3962 1084 4056 turpe,
1095 3986 1157 4054 quid
1169 3985 1242 4050 utile,
1254 3978 1316 4056 quid
1328 4006 1390 4053 non,

589 4062 695 4118 Plenius
707 4072 734 4119 ot
745 4065 837 4119 melius
850 4066 1002 4137 Chrysippo,
1014 4073 1042 4119 et
1054 4067 1180 4123 Crantore
1191 4072 1262 4124 dicit

484 4184 598 4247 Poetas
614 4182 873 4270 philosophorum
889 4207 986 4249 cunas
1001 4210 1079 4262 esse,
1095 4188 1217 4254 celebre
1232 4204 1288 4255 est.
1329 4192 1432 4256 Disci-

484 4285 587 4374 plinas
603 4285 748 4351 liberales
768 4299 865 4352 tautae
882 4286 1030 4351 utilitatis
1048 4310 1113 4354 esse
1129 4291 1227 4356 tradit
1248 4292 1433 4377 antiquitas,
