3625 5317
461 758 524 818 tto
724 766 1153 845 roauuissaanssnarausrs

643 923 696 987 De
706 924 818 1003 gratio
833 921 1051 983 ooucllr'utrioe
1065 921 1234 983 virtutum.

461 1027 535 1090 Non
552 1021 634 1086 valet
650 1022 706 1085 has
720 1023 810 1086 duno
824 1020 1026 1106 conjungere,
1041 1041 1104 1083 non
1123 1022 1328 1104 Hymenaeus,

549 1122 700 1189 Pronuba
714 1122 873 1187 virtutum
888 1122 992 1206 gratia
1007 1119 1075 1186 sola
1089 1134 1207 1207 potest.

464 1228 537 1291 Hae
551 1228 618 1288 sine
632 1236 705 1289 sunt
720 1224 842 1288 steriles
857 1224 946 1289 verbi
963 1221 1086 1287 Genius
1101 1224 1260 1308 ratioque,

549 1329 614 1391 Aut
630 1328 735 1390 oritur
749 1325 875 1389 fructus
889 1324 1126 1410 degeneratque
1141 1322 1255 1389 malus.

464 1429 537 1492 Hac
552 1426 619 1491 sine
632 1440 756 1493 naturae
771 1428 854 1491 vires
868 1426 1075 1502 frustrantur,
1089 1438 1123 1489 et
1138 1426 1209 1511 ejus
1352 1434 1413 1492 225

395 1514 398 1526 ¹
551 1528 602 1594 Ad
619 1529 702 1593 bona
715 1542 848 1594 conatus
861 1529 966 1593 omnis
979 1527 1082 1591 inanis
1096 1527 1168 1593 erit.

467 1631 522 1695 Ad
538 1632 622 1695 mala
637 1654 774 1712 namque
789 1652 898 1695 sumus
912 1628 1032 1707 faciles,
1047 1633 1181 1716 aptique
1195 1628 1313 1715 perire:

554 1733 668 1797 Gratia
683 1732 709 1798 si
725 1732 818 1807 desit,
833 1746 880 1795 est
896 1754 978 1817 opus
992 1754 1087 1796 omne
1102 1731 1230 1797 malum.

469 1834 583 1899 Gratia
598 1834 623 1899 si
639 1834 732 1913 desit,
747 1856 836 1898 mens
849 1846 906 1897 aut
923 1855 1035 1899 manus
1051 1830 1192 1897 officiosa

555 1938 628 2001 Non
642 1939 719 2009 erit;
744 1936 812 2001 haec
824 1950 960 2001 mentem
973 1935 1129 2021 praevenit
1137 1948 1234 2021 atque
1248 1934 1343 2019 regit,
1355 1937 1418 2000 280

475 2036 557 2104 Hac
572 2051 677 2102 movet
692 2037 834 2113 affectus,
851 2058 983 2125 operum
1001 2060 1133 2123 quoqne
1146 2050 1316 2123 promovet
1331 2058 1419 2111 usus,

556 2142 718 2225 Linguam
733 2140 885 2215 custodit,
901 2162 958 2203 nec
973 2138 1050 2204 sinit
1064 2160 1132 2202 esse
1146 2160 1251 2211 ream;

470 2242 576 2327 Erigit
591 2242 753 2319 affectum,
770 2245 924 2308 rationem
939 2242 1063 2326 dirigit,
1077 2254 1169 2305 actus

556 2344 739 2429 Componit,
754 2361 874 2408 reserat
888 2342 1010 2423 abdita,
1025 2364 1100 2405 vera
1113 2341 1218 2406 docet.

470 2448 558 2524 Quos
573 2448 667 2517 fovet,
684 2444 741 2508 hos
756 2458 862 2529 gratos
876 2454 910 2509 et
924 2458 1010 2510 recte
1023 2443 1240 2530 philosophari
1357 2449 1420 2507 285

557 2548 602 2611 Et
617 2546 694 2611 facit
708 2558 818 2631 optata
834 2548 1047 2633 prosperitate
1062 2546 1136 2611 frui.

472 2651 586 2715 Gratia
600 2662 746 2715 naturam
763 2671 904 2735 purgans
918 2649 1058 2714 illustrat
1072 2664 1104 2713 et
1119 2648 1231 2735 implet

558 2758 673 2839 Deque
688 2754 759 2817 sinu
776 2752 870 2818 Genii
886 2751 993 2817 nobile
1008 2751 1098 2816 ducit
1113 2774 1205 2837 opus.

471 2856 616 2922 Gentiles
631 2856 770 2922 Genium
786 2877 900 2921 numen
917 2854 1041 2920 duxere
1054 2853 1224 2933 caducum,

558 2962 678 3023 Natum
695 2957 847 3042 subjectae
861 2956 930 3020 fata
943 2954 1048 3020 subire
1063 2954 1120 3018 rei.
1359 2953 1423 3014 240

473 3060 586 3123 Verius
601 3058 653 3122 hio
668 3057 772 3122 natale
787 3059 906 3123 bonum
922 3056 1059 3133 dicetur,
1074 3055 1230 3141 adaptans

561 3161 698 3227 Subdita
712 3162 872 3244 gratuitis,
888 3184 980 3247 posse
995 3161 1123 3225 subesse
1139 3158 1240 3223 bonis.

475 3263 614 3328 Dotibus
630 3261 803 3325 innumeris
818 3262 993 3327 humanum
1009 3266 1115 3348 gratia
1128 3261 1211 3326 ditat

560 3364 605 3426 Et
620 3361 697 3426 lacit
712 3362 854 3446 angelica
869 3376 954 3427 sorte
970 3364 1079 3451 vigere
1092 3385 1204 3449 genus.

517 3464 610 3540 Quod
622 3460 822 3546 philosophia
833 3468 1041 3548 praecipuum
1057 3486 1178 3528 munus
1188 3466 1322 3546 potire.

472 3565 665 3631 Muneribus
679 3564 802 3629 cunctis
815 3564 972 3651 praecellit
988 3564 1207 3651 Philosophia,
1361 3564 1425 3627 24³

560 3670 662 3746 Quam
679 3666 822 3753 peritura
836 3682 927 3732 cavet
943 3689 1041 3748 mens,
1056 3689 1208 3750 generosa
1224 3665 1322 3752 petit;

475 3770 606 3855 Semper
620 3768 740 3854 ubique
755 3790 829 3832 suos
843 3769 983 3834 cultores
995 3781 1101 3845 ornat,
1117 3768 1264 3843 honorat,

563 3870 726 3949 Prouehit,
741 3870 890 3937 adversos
904 3894 1029 3959 semper
1043 3871 1166 3957 ubique
1180 3869 1315 3956 premit;

477 3974 616 4038 Virtutes
631 3971 759 4057 paritet
775 3972 888 4053 nutrit,
903 3972 1081 4056 vitiumque
1095 3994 1231 4035 noverea

559 4072 666 4149 Pellit,
680 4088 712 4139 et
727 4074 825 4138 errori
840 4098 902 4138 non
921 4074 997 4139 sinit
1012 4096 1079 4137 esse
1094 4072 1210 4138 locum.
1362 4073 1425 4135 250

731 4178 784 4242 Da
797 4176 927 4239 Nursia
941 4177 1063 4255 etjocs‘s
1076 4178 1157 4257 ejus.

473 4278 648 4362 Frangitur
663 4275 812 4353 adversis,
828 4273 987 4339 extollunt
1001 4296 1154 4360 prospera
1169 4274 1320 4347 stultum

558 4379 661 4454 Quum
679 4375 755 4439 dare
772 4373 840 4438 vult
858 4372 976 4459 populo
993 4374 1110 4439 Nursia
1125 4398 1209 4440 caeca
1220 4378 1344 4460 jocum,
