3625 5317
488 723 553 782 tls
738 737 875 782 tuturus
890 737 1169 782 samosatensis
1279 720 1386 799 [secr.
1402 738 1440 781 tr.

1619 893 1620 948 l

604 979 689 1042 secr.
705 984 734 1041 2.
759 979 912 1042 Secunda
927 985 1056 1058 septeno
1072 978 1112 1039 de
1126 979 1188 1039 or'r'c
1200 979 1330 1038 anima.

534 1098 625 1159 Huic
654 1094 767 1177 pritnoe
797 1109 938 1182 septenas
967 1095 1107 1158 secunda
1136 1095 1336 1181 adjungitur,
1366 1116 1438 1180 quae

487 1210 605 1281 septem
622 1194 799 1260 liberalium
822 1198 938 1262 artium
966 1200 1098 1280 septena
1112 1195 1240 1269 dicitur,
1255 1218 1329 1281 quae
1342 1194 1437 1257 etiarn

486 1311 607 1383 septem
622 1300 681 1362 viae
692 1302 806 1361 anima
815 1297 1041 1362 antonomasia
1051 1296 1265 1382 appellantur,
1276 1298 1308 1359 in
1321 1296 1438 1379 quibus

487 1398 646 1464 humanus
661 1400 785 1464 animus
799 1400 896 1465 libere
920 1398 1079 1475 eruditur,
1093 1410 1127 1461 et
1139 1423 1159 1461 a
1172 1399 1257 1462 curis
1271 1398 1436 1463 servilibus

487 1499 650 1567 liberatur.
697 1504 822 1567 Harum
839 1517 945 1565 autem
962 1518 1082 1585 septem
1099 1502 1214 1565 artium
1231 1500 1436 1585 grammatica

484 1604 517 1667 in
539 1604 748 1669 eruditionem
774 1607 876 1687 prima
902 1604 1043 1687 ponitur,
1070 1604 1148 1686 quia
1177 1626 1233 1688 per
1258 1626 1329 1665 eam
1352 1616 1435 1665 rcctc

485 1704 572 1791 loqui
602 1705 791 1769 instruimur
813 1726 870 1789 per
895 1703 1093 1767 dialecticam
1117 1704 1357 1777 rationabiliter,
1380 1726 1435 1788 per

482 1808 671 1872 rhetoricam
687 1822 810 1881 ornate,
823 1830 879 1891 per
894 1806 1125 1869 arithmeticam
1139 1830 1214 1869 vero
1223 1806 1374 1869 docemur
1386 1829 1432 1869 res

482 1927 614 1998 propter
631 1910 869 1975 multitudinem
885 1909 1038 1986 dividere,
1060 1934 1118 1993 per
1141 1909 1291 1973 musicam
1309 1908 1434 1973 dissona

480 2034 617 2077 consona
646 2011 788 2086 reddere,
818 2034 876 2097 per
910 2012 1115 2094 geometriam
1145 2012 1186 2074 de
1218 2010 1432 2097 inaequalibus

480 2113 616 2199 aequalia
639 2118 751 2189 facere,
777 2136 834 2198 per
855 2113 1079 2177 astronomiam
1108 2113 1213 2193 signa,
1233 2124 1379 2198 tempora
1400 2126 1430 2174 et

478 2216 667 2301 temporalia
681 2216 888 2299 distinguere,
901 2230 933 2279 et
944 2215 985 2278 de
995 2216 1194 2300 temporibus
1207 2230 1239 2278 et
1253 2213 1432 2299 temporali·

477 2316 538 2379 bus
550 2316 697 2402 quaedam
714 2317 825 2380 futura
840 2340 940 2401 prope
955 2315 1061 2400 posita
1076 2318 1280 2402 praesignare.

522 2418 567 2482 Et
597 2417 772 2481 notandum
803 2418 891 2504 quod
922 2420 955 2481 in
986 2418 1036 2482 bis
1066 2418 1204 2482 scientiis
1225 2433 1272 2480 est
1294 2416 1430 2482 dulcedo

476 2520 616 2584 maxima
631 2519 793 2584 utilitasin
812 2524 931 2583 virtute
945 2543 1002 2605 per
1012 2520 1159 2584 scientias
1174 2520 1350 2603 acquisita;
1375 2542 1427 2583 sex

476 2644 552 2686 vero
573 2622 658 2686 modi
682 2621 840 2686 coloratus
862 2622 894 2685 iu
919 2622 1087 2706 utriusque
1117 2621 1275 2686 mixtura:
1307 2622 1428 2707 primus

448 2721 590 2787 'modus
607 2734 656 2789 est
681 2722 809 2799 idioma,
837 2721 870 2785 id
899 2734 947 2784 cst
972 2721 1152 2805 proprietas
1177 2719 1369 2784 inventionis
1394 2721 1425 2782 in

471 2824 685 2897 sermonibus;
698 2824 854 2889 secundus
866 2827 995 2906 elegans
1006 2822 1195 2907 compositio
1206 2822 1237 2884 in
1250 2822 1427 2907 conjunctis

470 2926 685 2999 dictionibus;
711 2928 825 2992 tertius
840 2928 871 2990 in
889 2948 983 2990 sensu
1000 2938 1031 2989 ct
1049 2925 1207 2989 sententia
1222 2924 1368 2996 sebenia,
1393 2924 1425 2988 id

469 3042 519 3095 est
548 3031 744 3095 delectabilis
766 3043 920 3102 ornatus3
952 3044 1090 3113 quartus
1112 3028 1202 3113 lepor
1229 3029 1373 3093 urbanus
1392 3032 1423 3093 io

470 3127 801 3214 pronunciationibus,
814 3129 846 3192 id
859 3143 907 3195 est
920 3130 1026 3194 suavis
1038 3130 1260 3215 pronunciatio
1266 3144 1299 3192 et
1311 3130 1425 3207 faceta,

470 3230 575 3292 sensui
609 3228 763 3292 concinna
798 3245 830 3293 et
860 3231 1064 3296 auditoribus
1092 3231 1252 3317 jocunda:
1292 3230 1425 3316 quintus

469 3328 635 3415 apologus,
657 3330 713 3414 qui
734 3344 780 3392 est
797 3352 899 3394 sermo
915 3354 1013 3395 causa
1028 3332 1246 3397 delectationis
1261 3332 1423 3410 inductus,

468 3443 555 3495 totus
569 3430 713 3494 ethicus:
739 3446 847 3495 sextus
870 3434 1073 3519 proverbium
1091 3433 1179 3519 quod
1204 3448 1253 3499 est
1275 3447 1422 3498 constans

466 3534 631 3599 sententies
665 3537 888 3621 compendium
919 3538 1061 3602 ethicum
1090 3558 1123 3602 et
1151 3537 1255 3601 docile
1284 3538 1422 3602 reddens

463 3638 638 3721 ingenium.
684 3638 746 3702 His
761 3639 861 3723 igitur
882 3662 936 3703 sex
960 3640 1075 3715 modis,
1090 3639 1122 3701 id
1140 3653 1189 3703 est
1205 3662 1259 3703 sex
1276 3639 1417 3703 colorum

462 3737 583 3818 formis,
597 3760 705 3802 omnes
715 3738 882 3825 scripturae
894 3738 1031 3826 quadarn
1043 3738 1212 3804 dulcedine
1224 3739 1418 3815 colorantur,

460 3852 492 3903 et
516 3861 618 3902 mores
646 3860 703 3924 per
725 3854 809 3903 artes
830 3840 1046 3926 gradientium
1069 3840 1294 3904 reformantur.
1344 3840 1417 3905 istas

460 3954 580 4025 septem
597 3939 784 4025 disciplinas,
796 3942 955 4027 sapienter
971 3940 1325 4026 consideranti,septem
1342 3956 1417 4005 suut

459 4042 519 4107 vioe
534 4043 648 4105 animae
659 4045 690 4105 in
703 4040 824 4107 vitae-et
836 4064 960 4105 morum
974 4042 1159 4105 honestate:
1179 4042 1417 4106 Grammaticus

455 4166 592 4229 namque
607 4145 688 4207 viam
699 4146 916 4228 grammaticae
932 4159 1016 4207 recte
1027 4142 1219 4228 ingreditur,
1232 4158 1264 4207 et
1278 4166 1413 4228 peream

456 4245 616 4333 graditur,
638 4244 770 4330 quaudo
793 4258 864 4329 post
890 4258 1007 4308 rectam
1031 4244 1255 4329 loquutionem
1287 4244 1364 4310 vitre
1384 4259 1416 4309 et

457 4366 581 4417 murum
597 4344 742 4433 sequitur
754 4344 954 4433 oequitatem.
971 4345 1057 4423 Quid
1066 4346 1152 4409 enim
1165 4346 1296 4431 prodest
1306 4368 1410 4431 gratn-
