3625 5317
474 758 569 849 tut*
724 788 1156 843 Joauurssunasneumusrs
1271 770 1355 846 [nm.
1374 784 1428 832 111.

471 986 576 1035 torum
601 966 697 1031 verba
723 962 895 1041 revolvere,
918 960 973 1025 sed
995 980 1086 1023 nosse
1109 956 1172 1020 vim
1195 977 1306 1020 eurum
1328 974 1428 1041 atque

472 1069 658 1137 sententias.

472 1231 553 1315 Cap.
568 1231 599 1291 5.
624 1228 670 1291 Iu
684 1224 966 1307 quibusmustat
977 1240 1093 1303 eorpus
1103 1219 1204 1282 ortis:
1228 1216 1312 1281 etde
1331 1216 1428 1301 Topi-

804 1346 913 1389 oorom
929 1324 1082 1388 utilitate.

514 1454 627 1517 Auris
649 1449 874 1538 praepmaticia
894 1456 1136 1533 praecesserunt,
1159 1443 1201 1509 ad
1224 1466 1322 1531 quam
1347 1467 1428 1509 suus

470 1552 592 1641 opifex,
614 1567 647 1618 et
672 1550 766 1639 quasi
787 1548 961 1636 legislator,
983 1546 1097 1612 rudem
1117 1546 1247 1611 omnino
1268 1559 1428 1632 tyronem,

473 1656 695 1733 irreverenter,
719 1667 752 1720 et
778 1668 817 1720 ut
845 1653 910 1717 dici
938 1650 1028 1728 solet,
1053 1647 1151 1715 illotis
1179 1647 1336 1724 manibus,
1362 1671 1426 1713 non

471 1757 595 1823 censuit
618 1756 865 1823 admittendum.
910 1755 1001 1821 Sicut
1023 1752 1106 1817 euim
1130 1749 1164 1815 in
1190 1764 1258 1815 arte
1283 1749 1426 1825 militari,

471 1860 767 1937 instrumentorum,
782 1858 904 1944 quibus
918 1878 970 1921 res
984 1854 1131 1920 militaris
1147 1853 1328 1931 instruitur,
1343 1876 1425 1939 proe·

472 1961 608 2048 paratio,
622 1961 775 2047 praecedit
799 1974 920 2025 artem:
950 1955 995 2021 sic
1009 1956 1108 2044 hujus
1130 1957 1209 2022 sacri
1233 1954 1427 2020 adeuntibus

471 2064 609 2139 cultum,
635 2062 784 2147 quaedam
811 2060 966 2124 elementa
995 2058 1250 2143 praemittuntur,
1275 2070 1309 2124 et
1332 2058 1426 2144 quasi

471 2162 683 2226 instrumenta
697 2174 860 2247 tyronum,
874 2179 1012 2245 quorum
1029 2182 1091 2224 usu
1116 2160 1371 2246 compendiosius
1383 2158 1426 2225 ad

435 2270 437 2277 ’
471 2264 578 2350 ipsum
593 2284 711 2349 corpus
721 2261 799 2325 artis
812 2260 976 2340 accedam,
986 2275 1019 2326 et
1030 2261 1238 2340 commodius,
1249 2262 1339 2347 quod
1355 2284 1428 2347 pro-

472 2365 616 2439 fitentur,
642 2376 819 2428 exerceant.
864 2361 1045 2427 Utilissima
1069 2361 1201 2448 quidem
1226 2375 1314 2439 sunt,
1339 2377 1373 2429 et
1399 2364 1426 2427 si

471 2487 534 2530 uon
550 2464 626 2529 satis
649 2462 778 2550 proprie
793 2462 942 2530 dicantur
956 2486 1023 2528 ease
1037 2464 1080 2528 de
1092 2475 1172 2539 arte,
1188 2462 1265 2528 satis
1279 2485 1352 2527 vere
1376 2463 1426 2530 di·

470 2579 589 2631 cuntur
603 2588 670 2631 esse
686 2564 726 2629 ad
740 2577 854 2629 artem.
900 2568 1018 2631 Parum
1034 2580 1142 2630 autem
1157 2565 1256 2630 relect
1275 2567 1301 2630 si
1320 2566 1426 2652 magis

470 2666 607 2748 dicatur,
622 2689 662 2732 au
687 2666 740 2735 sic.
788 2664 898 2753 Ipsum
922 2667 1033 2753 itaque
1056 2666 1295 2753 quodammodo
1308 2690 1426 2754 corpus

470 2769 549 2835 artis
563 2768 713 2835 deductis
730 2769 970 2855 praeparatitiis,
983 2770 1202 2857 principaliter
1223 2769 1366 2835 mesistit
1390 2770 1423 2835 in

470 2872 596 2947 tribum
626 2871 744 2937 scilicet
766 2869 978 2958 Topioorum,
993 2872 1248 2958 Analytieorum,
1268 2870 1427 2937 Elencho-

470 2996 610 3063 rumque
624 2974 757 3040 notitias
788 2972 837 3037 his
852 2976 937 3039 euim
952 2974 1090 3061 perfecte
1104 2974 1250 3061 cognitis,
1264 2987 1297 3038 et
1311 2972 1424 3039 habitu

470 3098 582 3142 corum
603 3100 660 3163 per
679 3096 771 3141 usum
792 3089 825 3141 et
845 3076 1031 3141 exercitium
1051 3074 1219 3156 roboratis,
1232 3074 1425 3141 inventionis

469 3192 502 3242 et
522 3178 637 3265 judieii
652 3178 745 3263 copia
766 3178 995 3262 suffragabitur
1012 3176 1045 3242 in
1068 3179 1154 3242 omni
1177 3177 1423 3255 facultatatem

471 3278 728 3353 demonstratori,
751 3300 848 3363 quam
873 3278 1059 3351 Dialectico‚
1082 3292 1117 3343 et
1137 3279 1298 3364 sophiae.
1345 3280 1424 3343 Por·

471 3402 509 3445 ro
524 3380 556 3443 in
575 3380 624 3444 his
647 3379 786 3445 maxime
809 3378 983 3443 necessaria
1004 3394 1062 3452 est,
1077 3384 1239 3467 praecipue
1252 3381 1427 3466 probabili·

470 3494 569 3547 tatem
581 3482 787 3558 sectantibus,
797 3481 929 3546 seientia
939 3481 1144 3568 Topieorum,
1154 3504 1230 3567 quse
1240 3484 1301 3546 etsi
1312 3484 1423 3550 iuven·

469 3584 585 3650 tionem
596 3582 813 3671 principaliter
821 3580 970 3659 instruat,
978 3582 1109 3669 judiciis
1118 3596 1223 3649 tamen
1232 3605 1294 3647 uon
1304 3587 1424 3653 medio-

469 3688 565 3752 ariter
584 3686 788 3772 suffragatur.
834 3686 879 3750 Et
900 3685 1058 3771 quamvis,
1073 3709 1113 3750 ex
1133 3686 1282 3773 opinione
1302 3688 1420 3755 multo-

468 3809 553 3864 rum,
567 3787 734 3852 dialectico
755 3800 788 3852 et
810 3788 930 3852 oratori
953 3786 1172 3874 principaliter
1192 3788 1301 3866 faciat,
1316 3791 1418 3873 ipsam

467 3889 534 3953 fere
549 3888 718 3977 aequaliter
731 3889 883 3975 proficere
906 3890 1045 3954 arbitror
1058 3890 1109 3967 iis,
1124 3892 1183 3977 qui
1196 3906 1363 3959 versantur
1386 3893 1418 3959 ia

467 3988 626 4076 gravitate
654 3986 929 4068 demonstratoris,
954 4004 1013 4055 aut
1042 3991 1073 4056 in
1098 3991 1235 4073 fallacia,
1259 4006 1292 4058 et
1320 4014 1420 4077 agone

468 4090 652 4179 sophistico.
699 4090 862 4177 Siquidem
888 4091 949 4157 sibi
973 4090 1108 4156 invicem
1133 4092 1283 4159 universa
1304 4096 1420 4160 contri·

466 4194 585 4272 buunt,
599 4213 702 4278 eoque
717 4192 750 4256 in
768 4194 933 4280 proposita
952 4192 1106 4260 facultate
1127 4196 1265 4283 quisque
1289 4197 1421 4279 expedi-

466 4295 529 4360 tior
543 4309 603 4373 est,
618 4319 684 4383 quo
699 4295 731 4359 in
748 4294 850 4360 vicina
863 4309 895 4361 et
916 4296 1094 4363 cohaerente
1109 4298 1294 4364 instructior
1308 4298 1417 4365 fuerit.

467 4399 557 4483 Ergo
580 4410 612 4463 et
639 4414 700 4463 tam
729 4399 904 4485 Anulytice,
929 4422 1025 4485 quam
1052 4400 1222 4486 sophistica
1247 4402 1416 4471 conferunt

1637 886 1638 911 ,

1637 948 1638 971 r

1625 2783 1634 2795 ,
