3625 5317
475 740 517 799 92
733 750 869 795 rosnurs
883 749 1162 797 ssussasarsusrs
1296 740 1378 815 [urs.
1394 753 1429 798 11.

479 902 511 967 id
532 914 592 980 est,
613 900 808 987 exemplares
830 899 955 977 forma,
975 923 1083 964 rerum
1105 901 1268 987 primaevae
1287 902 1430 967 omnium

466 1004 616 1069 'rationes
637 1017 723 1081 suut,
738 1025 810 1089 quae
829 1023 887 1065 uec
906 1000 1149 1065 diminutionem
1172 1002 1353 1087 suscipiunt
1374 1026 1432 1068 uec

478 1115 704 1191 augmentum
731 1101 861 1168 stabiles
882 1113 915 1166 et
937 1116 1121 1189 perpetuae:
1149 1116 1185 1167 ut
1208 1102 1268 1167 etsi
1290 1103 1431 1169 mundus

480 1214 568 1269 totus
593 1202 765 1290 corporalis
786 1216 906 1289 pereat,
929 1216 1089 1289 nequeant
1115 1203 1255 1269 interire.
1310 1208 1431 1271 Rerum

479 1304 622 1370 omnium
650 1304 864 1390 corporalium
893 1325 1044 1369 numerus
1069 1303 1213 1369 consistit
1238 1304 1270 1367 iu
1297 1305 1365 1370 bis:
1400 1319 1432 1370 et

480 1410 562 1474 sicut
591 1407 624 1471 iu
655 1406 736 1471 libro
766 1404 807 1470 de
841 1405 943 1469 libero
972 1406 1106 1471 arbitrio
1135 1405 1265 1471 videtur
1292 1419 1433 1471 astruere

483 1506 695 1597 Augustinus,
723 1508 800 1594 quia
826 1507 877 1569 lue
901 1528 1026 1593 semper
1050 1521 1137 1582 suut,
1160 1506 1284 1572 etiamsi
1312 1520 1433 1594 tempo

479 1610 558 1677 ralia
571 1609 675 1697 perire
696 1608 871 1693 contingat,
894 1630 1000 1673 rerum
1024 1630 1177 1673 numerus
1197 1632 1255 1673 uec
1276 1609 1433 1675 minuitur

481 1736 538 1778 nec
560 1724 709 1798 augetur.
754 1716 910 1797 Magnum
933 1709 1078 1796 prolecto
1099 1724 1158 1792 eat,
1174 1724 1207 1775 et
1229 1723 1343 1775 notum
1363 1711 1432 1799 pbi-

480 1816 634 1904 losophis,
662 1813 952 1899 contemplantibus
984 1812 1110 1893 altiore,
1142 1812 1231 1899 quod
1260 1813 1316 1877 isti
1344 1812 1434 1899 polli-

481 1930 613 1982 centur:
644 1914 710 1989 sed‚
731 1914 813 1979 sicut
837 1912 1005 1989 Boethius,
1027 1926 1059 1978 et
1081 1910 1133 1979 alii
1156 1912 1251 1978 multi
1274 1925 1432 1978 testantur

483 2028 638 2091 auctores,
669 2037 688 2078 a
722 2014 876 2078 sententia
914 2013 1097 2079 Aristotelis
1132 2018 1260 2101 penitus
1295 2014 1432 2079 alienum

481 2128 539 2181 est.
584 2115 666 2178 Nam
689 2114 811 2199 etipse
834 2113 909 2179 buic
931 2115 1107 2193 sententiae,
1129 2116 1210 2181 sicut
1233 2115 1364 2181 evidens
1384 2129 1430 2181 est

482 2218 514 2283 in
531 2216 620 2281 libris
634 2216 717 2302 ejus,
732 2214 847 2302 saepius
867 2216 1064 2306 adversatur.
1109 2220 1256 2303 Egerunt
1270 2218 1433 2305 operosius

484 2316 667 2383 Bernardus
692 2318 907 2395 carnotensis,
934 2332 966 2382 et
992 2321 1062 2407 ejus
1087 2332 1267 2403 sectatores,
1290 2332 1328 2385 ut
1350 2343 1434 2385 com·

482 2432 636 2507 ponerent
664 2421 746 2484 inter
782 2420 984 2485 Aristotelem
1014 2434 1047 2485 et
1077 2420 1256 2497 Platonem,
1287 2422 1342 2487 sed
1380 2445 1432 2487 eos

483 2520 573 2586 tarde
588 2520 708 2585 venisse
731 2520 881 2598 arbitror,
903 2534 936 2586 et
956 2521 1115 2587 laborasse
1133 2523 1167 2588 in
1189 2546 1306 2588 vanum
1328 2538 1366 2589 ut
1386 2548 1434 2589 re·

481 2620 683 2686 conciliarent
712 2634 865 2697 mortuos,
896 2625 965 2710 qui,
994 2622 1138 2708 quandiu
1174 2622 1206 2688 iu
1236 2623 1303 2688 vita
1333 2624 1434 2707 licuit,

481 2723 706 2790 dissenserunt.
759 2726 858 2789 Porro
878 2723 961 2789 alius
983 2738 1019 2788 ut
1042 2724 1245 2790 Aristotelem
1264 2726 1435 2813 exprimat,

482 2848 553 2893 cum
581 2826 729 2891 Gilberto
754 2826 917 2912 Episcopo
946 2824 1138 2902 Pictaseusi,
1166 2826 1433 2893 universalitatem

480 2928 591 2993 formis
617 2928 732 2994 nativis
761 2927 924 3005 attribuit,
948 2938 981 2991 et
1010 2926 1042 2991 iu
1071 2948 1181 2991 earum
1212 2928 1434 2997 conformitate

482 3029 615 3096 laborat.
661 3030 722 3093 Est
743 3043 850 3093 sutem
873 3028 978 3095 forma
1003 3027 1120 3104 natira,
1143 3028 1306 3115 originalis
1327 3052 1434 3095 exem-

482 3130 584 3217 plum,
598 3142 631 3193 et
650 3151 724 3213 quae
745 3150 808 3192 non
829 3127 860 3192 in
880 3144 985 3195 mente
1006 3129 1069 3195 Dei
1091 3130 1245 3210 consistit,
1259 3131 1315 3196 sed
1337 3132 1435 3197 rebus

483 3230 597 3295 creatis
625 3227 770 3292 inhaeret.
822 3228 902 3292 Haec
926 3233 1041 3295 Graeco
1062 3230 1190 3317 eloquio
1213 3231 1333 3298 dicitur
1358 3232 1436 3313 artu,

483 3331 604 3395 habeus
628 3352 661 3394 se
690 3327 731 3392 ad
758 3327 874 3405 ideam,
902 3342 940 3394 ut
968 3331 1150 3419 exemplum
1176 3333 1217 3398 ad
1248 3335 1433 3420 exemplar;

484 3430 640 3498 sensibilis
655 3429 785 3516 quidem
800 3429 833 3495 in
850 3453 884 3494 re
899 3432 1052 3513 sensibili,
1066 3433 1120 3497 sed
1136 3446 1242 3498 mente
1256 3434 1436 3521 concipitur

483 3532 692 3601 insensibilis:
726 3530 896 3618 singularis
921 3556 1053 3621 quoque
1082 3537 1115 3599 in
1147 3535 1292 3622 siugulis,
1316 3535 1372 3600 sed
1402 3536 1433 3600 iu

483 3634 630 3701 omnibus
652 3632 846 3699 universalis.
892 3638 954 3700 Est
974 3650 1006 3701 et
1028 3636 1121 3714 alius,
1144 3637 1213 3723 qui,
1235 3658 1309 3700 cum
1329 3640 1435 3703 Gaus-

483 3736 555 3801 leno
572 3732 770 3798 Suesionensi
794 3733 967 3821 Episcopo,
989 3736 1259 3802 universalitatem
1283 3737 1381 3802 rebus
1402 3737 1432 3800 iu

485 3858 584 3902 unum
606 3835 745 3900 collectis
767 3835 931 3917 attribuit,
955 3852 988 3903 et
1014 3839 1148 3924 singulis
1168 3841 1302 3904 eandem
1324 3839 1434 3905 demit.

484 3937 622 4013 Exinde,
647 3959 748 4023 quum
775 3938 814 4002 ad
842 3940 1099 4025 interpretandas
1124 3942 1333 4007 auctoritates
1359 3964 1433 4007 ren·

484 4055 553 4108 tum
576 4052 635 4119 est,
649 4038 772 4102 laborat
795 4058 862 4123 prse
883 4037 1012 4103 dolore:
1035 4038 1112 4124 quia
1132 4038 1164 4103 in
1185 4038 1262 4103 locis
1286 4039 1435 4125 pluribus

483 4148 601 4210 rictum
621 4144 726 4205 literae
750 4138 956 4221 indignantia
967 4142 1064 4223 serre
1088 4161 1156 4204 uon
1180 4143 1328 4205 sustinet.
1373 4142 1435 4205 Est

483 4242 598 4331 aliquis
625 4241 683 4328 qui
714 4238 876 4324 confugiat
906 4240 948 4303 ab
978 4238 1155 4305 subsidium
1185 4264 1277 4305 novae
1302 4240 1434 4325 linguas,

484 4346 559 4433 quia
585 4345 709 4411 Latinoe
736 4341 881 4428 peritiam
907 4364 969 4406 non
995 4343 1070 4406 satis
1092 4343 1208 4408 babet:
1232 4364 1317 4406 nuuc
1336 4342 1432 4421 enim,
