3625 5317
483 771 540 829 lto
736 780 871 825 roannrs
886 778 1161 825 sanasnamansrs
1279 764 1360 843 [mn.
1378 782 1429 828 111.

482 945 565 998 totas
591 931 820 1019 propositiones
846 932 899 1006 sit,
923 943 959 994 ut
984 929 1091 1015 potius
1116 930 1156 994 ait
1182 930 1321 995 obnoxia
1345 954 1431 997 com-

479 1032 617 1118 plexioni
648 1034 795 1117 partium,
821 1052 918 1117 quam
948 1030 1096 1117 partibus
1123 1030 1308 1116 complexis,
1333 1033 1430 1098 medii

389 1156 396 1173 ·
480 1156 580 1198 nexus
593 1146 704 1197 cessat.
752 1132 789 1196 ln
805 1132 977 1207 linearem,
992 1154 1067 1216 qure
1081 1130 1235 1208 terminis,
1250 1145 1306 1198 ant
1322 1135 1431 1198 termi-

478 1256 591 1298 norum
619 1234 776 1319 partibus,
800 1234 864 1296 vim
895 1232 1029 1317 urgendi
1057 1231 1186 1312 habent,
1213 1232 1302 1298 locus
1325 1235 1367 1298 ab
1392 1259 1431 1299 ea

478 1335 665 1399 habitudine
687 1346 744 1415 est,
760 1355 835 1419 quae
857 1346 904 1397 est
922 1334 1006 1397 inter
1028 1331 1073 1410 id,
1087 1331 1176 1417 quod
1199 1333 1339 1400 demitur
1355 1358 1430 1399 con·

476 1435 621 1514 elusioni,
646 1450 677 1499 et
704 1434 737 1499 id
763 1434 853 1520 quod
879 1433 1011 1518 dempto
1036 1434 1196 1500 succedit:
1227 1436 1429 1501 succedentia

476 1538 559 1603 enirn
584 1560 603 1601 a
629 1536 883 1623 praecedentibus
909 1535 1150 1600 convincuntur.
1198 1536 1292 1614 Quod
1317 1550 1426 1603 autem

476 1640 648 1725 utrobique
669 1650 775 1703 manet
790 1636 963 1712 immobile,
978 1658 1035 1701 nec
1054 1635 1218 1721 probantis
1232 1637 1427 1715 violentiam,

477 1761 534 1803 nec
556 1738 684 1824 probati
706 1739 818 1821 recipit
841 1736 959 1809 fidem3
993 1748 1027 1801 et
1048 1739 1130 1801 sicut
1154 1758 1174 1800 a
1195 1736 1425 1822 significatione

473 1840 667 1905 contrahunt
689 1836 814 1903 termini
836 1850 871 1901 ut
895 1835 1086 1902 universales
1108 1836 1257 1901 dicantur
1278 1860 1359 1914 esse,
1375 1840 1426 1905 rel

474 1941 669 2026 singulares:
701 1938 744 2003 sic
766 1949 801 2002 ut
821 1959 902 2003 unus
925 1950 1079 2021 sequntur
1093 1960 1132 2001 ex
1155 1937 1267 2021 altero,
1283 1938 1332 2003 vel
1352 1962 1426 2027 pro-

472 2041 616 2127 pulsetur
636 2040 677 2103 ab
696 2038 809 2114 altero,
824 2037 902 2101 lacit
921 2038 1122 2115 eoboerentia,
1144 2040 1193 2103 vel
1214 2045 1425 2125 repugnantia

472 2139 748 2224 significationum.
794 2135 863 2201 Nisi
879 2137 963 2201 enirn
980 2160 1030 2201 res
1044 2138 1230 2223 significatae
1244 2139 1305 2203 sibi
1320 2142 1425 2207 cohae·

471 2254 572 2318 ream,
586 2252 644 2305 aut
658 2249 849 2321 repugnent,
864 2258 928 2300 non
942 2250 991 2301 est
1008 2260 1111 2322 quare
1125 2236 1158 2302 in
1174 2238 1316 2303 terminis
1329 2239 1423 2305 fami-

470 2340 589 2405 liaritas
615 2352 671 2403 aut
701 2336 858 2402 hostilitas
884 2341 1078 2423 requiratur.
1133 2343 1209 2405 Noa
1235 2353 1284 2405 est
1313 2355 1422 2407 autem

467 2439 559 2504 facile
570 2439 601 2503 in
615 2437 748 2523 singulis
760 2458 884 2523 semper
896 2439 1072 2523 explorare,
1083 2462 1181 2524 quam
1192 2441 1303 2506 firmus
1313 2464 1421 2507 rerum

468 2541 510 2604 sit
525 2560 635 2617 nexus,
651 2552 707 2604 aut
731 2550 851 2623 quanta
872 2538 1037 2621 dissensio,
1050 2553 1083 2606 et
1098 2542 1142 2607 ob
1162 2541 1223 2606 boc
1244 2540 1324 2629 quid
1346 2546 1422 2608 aim·

467 2639 591 2726 pliciter
613 2660 748 2714 necesse,
763 2636 882 2724 quidve
903 2639 1004 2724 magis
1024 2642 1188 2726 probabile
1208 2642 1261 2721 sit,
1281 2643 1421 2708 indicare

467 2741 627 2807 interdum
643 2738 802 2805 difficilius
817 2753 875 2805 est.
911 2740 974 2805 Sed
990 2742 1077 2827 quod
1092 2742 1349 2829 frequentissime
1363 2749 1420 2822 sic,

465 2846 625 2927 probabile
638 2844 765 2926 quidem
775 2870 786 2918 ;
819 2841 905 2929 quod
922 2866 1086 2930 nunquam
1107 2845 1212 2926 aliter,
1227 2848 1328 2931 magis
1347 2872 1420 2933 pro·

466 2944 588 3010 babile:
614 2944 700 3029 quod
717 2944 808 3008 aliter
818 2967 885 3008 esse
901 2966 964 3009 non
980 2968 1073 3031 posse
1087 2947 1239 3029 creditur,
1253 2950 1419 3014 necessarii

466 3046 598 3130 suscipit
628 3067 750 3108 nomen.
800 3049 882 3109 Nam
914 3068 1012 3129 penes
1037 3060 1183 3113 naturam
1209 3062 1258 3113 est
1281 3072 1419 3114 necessa·

465 3147 583 3209 riorum
608 3144 870 3227 possibiliumque
890 3144 1046 3225 delinitio,
1065 3146 1133 3213 acia
1153 3150 1311 3235 siquidem
1334 3150 1418 3215 vires

464 3266 537 3307 suas
561 3243 705 3326 agnovit.
750 3243 889 3307 Adamas
915 3243 972 3311 diu
997 3246 1128 3313 babitus
1153 3265 1202 3314 est
1227 3251 1416 3329 insecabilis,

463 3344 538 3430 quia
549 3364 605 3407 nec
615 3341 692 3407 ferri
703 3364 761 3405 nec
772 3342 918 3429 chalybis
929 3347 1099 3413 verebatur
1109 3369 1261 3413 acumen:
1285 3353 1415 3419 tandem

461 3465 548 3521 vero,
563 3464 665 3529 quum
686 3440 820 3527 plumbo
833 3456 866 3507 et
881 3444 1035 3527 sanguine
1057 3445 1179 3509 hircino
1193 3460 1301 3513 sectus
1321 3469 1416 3533 esset,

459 3544 567 3631 patuit
582 3546 666 3609 sactu
687 3520 791 3618 facile,
807 3542 896 3627 quod
912 3546 1003 3628 prius
1022 3545 1218 3631 impossibile
1233 3546 1414 3621 ridebatur.

459 3650 551 3732 Ergo
565 3645 679 3711 solitus
693 3666 797 3709 rerum
813 3667 926 3710 cursus
940 3645 1112 3732 diligenter
1126 3647 1342 3719 advertendus
1354 3669 1415 3737 est,

458 3762 492 3815 et
507 3746 745 3833 quodammodo
758 3747 971 3813 excutiendus
990 3763 1113 3816 naturae
1135 3755 1234 3830 ainus,
1250 3768 1288 3820 ut
1307 3777 1413 3822 neces·

457 3851 609 3915 sariorum
627 3849 905 3935 probabiliumque
917 3865 1032 3918 natura
1042 3853 1209 3921 clarescat:
1232 3856 1313 3921 nibil
1326 3858 1413 3925 enim

456 3964 516 4029 est,
537 3948 624 4034 quod
654 3947 693 4011 ad
720 3950 864 4013 locorum
891 3950 1039 4019 notitiam
1067 3956 1170 4039 magia
1195 3958 1308 4043 prosit,
1330 3956 1410 4026 nibil

456 4053 545 4137 quod
562 4051 704 4115 veritatis
719 4052 864 4143 notitiam
886 4055 1024 4139 amplius
1038 4059 1154 4144 pariat,
1169 4059 1250 4123 nihil
1265 4060 1351 4145 quod
1366 4062 1409 4125 ad

455 4151 632 4217 docendum
657 4151 775 4216 autad
799 4155 1053 4237 persuadendum
1076 4164 1175 4244 magis
1198 4161 1353 4245 proficiat,
1377 4177 1409 4228 et

454 4254 595 4319 omnium
611 4250 817 4318 dicendorum
833 4271 922 4338 paret
937 4258 1130 4324 laudabilem
1147 4259 1338 4326 facultatem.
