<?xml version="1.0" encoding="UTF-8"?>
<!DOCTYPE html PUBLIC "-//W3C//DTD XHTML 1.0 Transitional//EN"
    "http://www.w3.org/TR/xhtml1/DTD/xhtml1-transitional.dtd">
<html xmlns="http://www.w3.org/1999/xhtml" xml:lang="en" lang="en">
 <head>
  <title>
</title>
<meta http-equiv="Content-Type" content="text/html;charset=utf-8" />
  <meta name='ocr-system' content='tesseract 3.04.00' />
  <meta name='ocr-capabilities' content='ocr_page ocr_carea ocr_par ocr_line ocrx_word'/>
</head>
<body>
  <div class='ocr_page' id='page_1' title='image "./joannissaresber13johngoog_0035.png"; bbox 0 0 3625 5317; ppageno 0'>
   <div class='ocr_carea' id='block_1_1' title="bbox 402 774 1360 849">
    <p class='ocr_par' dir='ltr' id='par_1_1' title="bbox 402 774 1360 849">
     <span class='ocr_line' id='line_1_1' title="bbox 402 774 1360 849; baseline -0.002 -13"><span class='ocrx_word' id='word_1_1' title='bbox 402 792 475 837; x_wconf 73' lang='lat' dir='ltr'><strong>cen.</strong></span> <span class='ocrx_word' id='word_1_2' title='bbox 492 775 553 849; x_wconf 80' lang='lat' dir='ltr'><strong>vn]</strong></span> <span class='ocrx_word' id='word_1_3' title='bbox 763 788 1008 835; x_wconf 77' lang='lat' dir='ltr'><strong>uersnoarcns.</strong></span> <span class='ocrx_word' id='word_1_4' title='bbox 1318 774 1360 835; x_wconf 72' lang='lat'><strong>28</strong></span> 
     </span>
    </p>
   </div>
   <div class='ocr_carea' id='block_1_2' title="bbox 398 937 1359 1741">
    <p class='ocr_par' dir='ltr' id='par_1_2' title="bbox 398 937 1359 1741">
     <span class='ocr_line' id='line_1_2' title="bbox 401 937 1358 1027; baseline -0.002 -22"><span class='ocrx_word' id='word_1_5' title='bbox 401 940 635 1027; x_wconf 61' lang='lat' dir='ltr'><strong>premissorum</strong></span> <span class='ocrx_word' id='word_1_6' title='bbox 663 940 813 1005; x_wconf 85' lang='lat' dir='ltr'><strong>habuisse</strong></span> <span class='ocrx_word' id='word_1_7' title='bbox 841 939 999 1015; x_wconf 87' lang='lat' dir='ltr'><strong>doctores,</strong></span> <span class='ocrx_word' id='word_1_8' title='bbox 1025 951 1057 1005; x_wconf 85' lang='lat' dir='ltr'><strong>et</strong></span> <span class='ocrx_word' id='word_1_9' title='bbox 1085 937 1196 1004; x_wconf 88' lang='lat' dir='ltr'><strong>itidem</strong></span> <span class='ocrx_word' id='word_1_10' title='bbox 1222 937 1358 1003; x_wconf 79' lang='lat' dir='ltr'><strong>eliorum</strong></span> 
     </span>
     <span class='ocr_line' id='line_1_3' title="bbox 401 1038 1359 1131; baseline -0.002 -24"><span class='ocrx_word' id='word_1_11' title='bbox 401 1042 527 1107; x_wconf 79' lang='lat' dir='ltr'><strong>audisse</strong></span> <span class='ocrx_word' id='word_1_12' title='bbox 548 1042 733 1131; x_wconf 86' lang='lat' dir='ltr'><strong>discipulos,</strong></span> <span class='ocrx_word' id='word_1_13' title='bbox 755 1055 788 1107; x_wconf 89' lang='lat' dir='ltr'><strong>et</strong></span> <span class='ocrx_word' id='word_1_14' title='bbox 813 1042 856 1107; x_wconf 85' lang='lat' dir='ltr'><strong>ab</strong></span> <span class='ocrx_word' id='word_1_15' title='bbox 881 1042 927 1107; x_wconf 90' lang='lat' dir='ltr'><strong>eis</strong></span> <span class='ocrx_word' id='word_1_16' title='bbox 951 1040 1113 1106; x_wconf 82' lang='lat' dir='ltr'><strong>modicum</strong></span> <span class='ocrx_word' id='word_1_17' title='bbox 1139 1040 1173 1105; x_wconf 89' lang='lat' dir='ltr'><strong>id</strong></span> <span class='ocrx_word' id='word_1_18' title='bbox 1198 1038 1359 1120; x_wconf 74' lang='lat' dir='ltr'><strong>didicisse,</strong></span> 
     </span>
     <span class='ocr_line' id='line_1_4' title="bbox 400 1143 1358 1232; baseline -0.002 -23"><span class='ocrx_word' id='word_1_19' title='bbox 400 1143 489 1231; x_wconf 93' lang='lat' dir='ltr'><strong>quod</strong></span> <span class='ocrx_word' id='word_1_20' title='bbox 519 1146 612 1210; x_wconf 87' lang='lat' dir='ltr'><strong>novi:</strong></span> <span class='ocrx_word' id='word_1_21' title='bbox 652 1144 878 1232; x_wconf 84' lang='lat' dir='ltr'><strong>nequeenim,</strong></span> <span class='ocrx_word' id='word_1_22' title='bbox 907 1157 944 1209; x_wconf 89' lang='lat' dir='ltr'><strong>ut</strong></span> <span class='ocrx_word' id='word_1_23' title='bbox 972 1143 1173 1221; x_wconf 83' lang='lat' dir='ltr'><strong>Cornificius,</strong></span> <span class='ocrx_word' id='word_1_24' title='bbox 1200 1143 1358 1229; x_wconf 87' lang='lat' dir='ltr'><strong>meipsum</strong></span> 
     </span>
     <span class='ocr_line' id='line_1_5' title="bbox 400 1244 1358 1333; baseline -0.001 -23"><span class='ocrx_word' id='word_1_25' title='bbox 400 1246 506 1313; x_wconf 88' lang='lat' dir='ltr'><strong>docui.</strong></span> <span class='ocrx_word' id='word_1_26' title='bbox 552 1249 620 1313; x_wconf 87' lang='lat' dir='ltr'><strong>Nec</strong></span> <span class='ocrx_word' id='word_1_27' title='bbox 643 1248 780 1313; x_wconf 90' lang='lat' dir='ltr'><strong>muitum</strong></span> <span class='ocrx_word' id='word_1_28' title='bbox 802 1269 891 1327; x_wconf 88' lang='lat' dir='ltr'><strong>curo,</strong></span> <span class='ocrx_word' id='word_1_29' title='bbox 904 1244 986 1333; x_wconf 91' lang='lat' dir='ltr'><strong>quid</strong></span> <span class='ocrx_word' id='word_1_30' title='bbox 1008 1247 1154 1332; x_wconf 84' lang='lat' dir='ltr'><strong>ineptum</strong></span> <span class='ocrx_word' id='word_1_31' title='bbox 1169 1245 1202 1309; x_wconf 92' lang='lat' dir='ltr'><strong>in</strong></span> <span class='ocrx_word' id='word_1_32' title='bbox 1224 1245 1358 1310; x_wconf 90' lang='lat' dir='ltr'><strong>auribus</strong></span> 
     </span>
     <span class='ocr_line' id='line_1_6' title="bbox 399 1348 1358 1434; baseline -0.001 -22"><span class='ocrx_word' id='word_1_33' title='bbox 399 1370 529 1413; x_wconf 88' lang='lat' dir='ltr'><strong>suorum</strong></span> <span class='ocrx_word' id='word_1_34' title='bbox 556 1349 753 1414; x_wconf 85' lang='lat' dir='ltr'><strong>Cornicetur.</strong></span> <span class='ocrx_word' id='word_1_35' title='bbox 801 1350 954 1433; x_wconf 82' lang='lat' dir='ltr'><strong>Ingratus</strong></span> <span class='ocrx_word' id='word_1_36' title='bbox 975 1348 1059 1413; x_wconf 89' lang='lat' dir='ltr'><strong>enim</strong></span> <span class='ocrx_word' id='word_1_37' title='bbox 1082 1361 1142 1428; x_wconf 90' lang='lat' dir='ltr'><strong>est,</strong></span> <span class='ocrx_word' id='word_1_38' title='bbox 1162 1361 1193 1412; x_wconf 86' lang='lat' dir='ltr'><strong>et</strong></span> <span class='ocrx_word' id='word_1_39' title='bbox 1217 1349 1358 1434; x_wconf 82' lang='lat' dir='ltr'><strong>perversi</strong></span> 
     </span>
     <span class='ocr_line' id='line_1_7' title="bbox 398 1446 1357 1537; baseline -0.002 -24"><span class='ocrx_word' id='word_1_40' title='bbox 398 1449 530 1535; x_wconf 80' lang='lat' dir='ltr'><strong>ingenii,</strong></span> <span class='ocrx_word' id='word_1_41' title='bbox 551 1452 607 1537; x_wconf 91' lang='lat' dir='ltr'><strong>qui</strong></span> <span class='ocrx_word' id='word_1_42' title='bbox 632 1452 795 1537; x_wconf 85' lang='lat' dir='ltr'><strong>profectus</strong></span> <span class='ocrx_word' id='word_1_43' title='bbox 817 1451 866 1514; x_wconf 90' lang='lat' dir='ltr'><strong>sui</strong></span> <span class='ocrx_word' id='word_1_44' title='bbox 890 1450 1048 1515; x_wconf 84' lang='lat' dir='ltr'><strong>diffitetur</strong></span> <span class='ocrx_word' id='word_1_45' title='bbox 1069 1461 1242 1514; x_wconf 83' lang='lat' dir='ltr'><strong>auctorem.</strong></span> <span class='ocrx_word' id='word_1_46' title='bbox 1293 1446 1357 1511; x_wconf 83' lang='lat' dir='ltr'><strong>Sed</strong></span> 
     </span>
     <span class='ocr_line' id='line_1_8' title="bbox 400 1550 1357 1640; baseline -0.002 -23"><span class='ocrx_word' id='word_1_47' title='bbox 400 1553 469 1618; x_wconf 82' lang='lat' dir='ltr'><strong>haec</strong></span> <span class='ocrx_word' id='word_1_48' title='bbox 491 1553 664 1620; x_wconf 81' lang='lat' dir='ltr'><strong>hactenus:</strong></span> <span class='ocrx_word' id='word_1_49' title='bbox 696 1576 781 1619; x_wconf 82' lang='lat' dir='ltr'><strong>nunc</strong></span> <span class='ocrx_word' id='word_1_50' title='bbox 805 1553 1028 1640; x_wconf 83' lang='lat' dir='ltr'><strong>praetermissis</strong></span> <span class='ocrx_word' id='word_1_51' title='bbox 1052 1574 1196 1639; x_wconf 80' lang='lat' dir='ltr'><strong>personoe</strong></span> <span class='ocrx_word' id='word_1_52' title='bbox 1217 1550 1357 1639; x_wconf 86' lang='lat' dir='ltr'><strong>ineptiis,</strong></span> 
     </span>
     <span class='ocr_line' id='line_1_9' title="bbox 399 1652 1089 1741; baseline 0 -23"><span class='ocrx_word' id='word_1_53' title='bbox 399 1655 500 1740; x_wconf 88' lang='lat' dir='ltr'><strong>ipsius</strong></span> <span class='ocrx_word' id='word_1_54' title='bbox 515 1652 680 1720; x_wconf 71' lang='lat' dir='ltr'><strong>sententies</strong></span> <span class='ocrx_word' id='word_1_55' title='bbox 695 1654 928 1741; x_wconf 82' lang='lat' dir='ltr'><strong>redarguamus</strong></span> <span class='ocrx_word' id='word_1_56' title='bbox 941 1675 1089 1719; x_wconf 84' lang='lat' dir='ltr'><strong>errorem.</strong></span> 
     </span>
    </p>
   </div>
   <div class='ocr_carea' id='block_1_3' title="bbox 565 1818 1193 1904">
    <p class='ocr_par' dir='ltr' id='par_1_3' title="bbox 565 1818 1193 1904">
     <span class='ocr_line' id='line_1_10' title="bbox 565 1818 1193 1904; baseline -0.005 -22"><span class='ocrx_word' id='word_1_57' title='bbox 565 1820 645 1904; x_wconf 83' lang='lat' dir='ltr'><strong>Cap.</strong></span> <span class='ocrx_word' id='word_1_58' title='bbox 660 1823 692 1881; x_wconf 85' lang='grc'><strong>6.</strong></span> <span class='ocrx_word' id='word_1_59' title='bbox 719 1819 845 1895; x_wconf 78' lang='lat' dir='ltr'><strong>Quibus</strong></span> <span class='ocrx_word' id='word_1_60' title='bbox 859 1818 1041 1882; x_wconf 74' lang='lat' dir='ltr'><strong>rationibus</strong></span> <span class='ocrx_word' id='word_1_61' title='bbox 1054 1819 1193 1881; x_wconf 76' lang='lat' dir='ltr'><strong>nitatur.</strong></span> 
     </span>
    </p>
   </div>
   <div class='ocr_carea' id='block_1_4' title="bbox 392 1952 1357 4481">
    <p class='ocr_par' dir='ltr' id='par_1_4' title="bbox 393 1952 1357 3668">
     <span class='ocr_line' id='line_1_11' title="bbox 443 1952 1357 2041; baseline -0.007 -19"><span class='ocrx_word' id='word_1_62' title='bbox 443 1959 522 2022; x_wconf 76' lang='lat' dir='ltr'><strong>Nou</strong></span> <span class='ocrx_word' id='word_1_63' title='bbox 551 1968 599 2020; x_wconf 87' lang='lat' dir='ltr'><strong>est</strong></span> <span class='ocrx_word' id='word_1_64' title='bbox 628 1976 704 2041; x_wconf 85' lang='lat' dir='ltr'><strong>ergo</strong></span> <span class='ocrx_word' id='word_1_65' title='bbox 729 1976 769 2019; x_wconf 83' lang='lat' dir='ltr'><strong>ex</strong></span> <span class='ocrx_word' id='word_1_66' title='bbox 794 1955 865 2039; x_wconf 87' lang='lat' dir='ltr'><strong>ejus</strong></span> <span class='ocrx_word' id='word_1_67' title='bbox 890 1953 1045 2018; x_wconf 80' lang='lat' dir='ltr'><strong>sententia</strong></span> <span class='ocrx_word' id='word_1_68' title='bbox 1072 1953 1113 2035; x_wconf 89' lang='lat' dir='ltr'><strong>(si</strong></span> <span class='ocrx_word' id='word_1_69' title='bbox 1141 1964 1246 2017; x_wconf 81' lang='lat' dir='ltr'><strong>tumen</strong></span> <span class='ocrx_word' id='word_1_70' title='bbox 1276 1952 1357 2017; x_wconf 85' lang='lat' dir='ltr'><strong>falsa</strong></span> 
     </span>
     <span class='ocr_line' id='line_1_12' title="bbox 398 2055 1356 2145; baseline -0.003 -23"><span class='ocrx_word' id='word_1_71' title='bbox 398 2057 509 2145; x_wconf 91' lang='lat' dir='ltr'><strong>opinio</strong></span> <span class='ocrx_word' id='word_1_72' title='bbox 530 2055 685 2122; x_wconf 82' lang='lat' dir='ltr'><strong>sententia</strong></span> <span class='ocrx_word' id='word_1_73' title='bbox 706 2056 842 2123; x_wconf 86' lang='lat' dir='ltr'><strong>dicenda</strong></span> <span class='ocrx_word' id='word_1_74' title='bbox 863 2058 940 2139; x_wconf 89' lang='lat' dir='ltr'><strong>est‚)</strong></span> <span class='ocrx_word' id='word_1_75' title='bbox 963 2055 1159 2119; x_wconf 89' lang='lat' dir='ltr'><strong>studendum</strong></span> <span class='ocrx_word' id='word_1_76' title='bbox 1186 2055 1356 2143; x_wconf 76' lang='lat' dir='ltr'><strong>praeueptis</strong></span> 
     </span>
     <span class='ocr_line' id='line_1_13' title="bbox 397 2155 1355 2244; baseline 0 -23"><span class='ocrx_word' id='word_1_77' title='bbox 397 2157 605 2244; x_wconf 78' lang='lat' dir='ltr'><strong>eloquentiae:</strong></span> <span class='ocrx_word' id='word_1_78' title='bbox 639 2157 786 2243; x_wconf 86' lang='lat' dir='ltr'><strong>quoniam</strong></span> <span class='ocrx_word' id='word_1_79' title='bbox 810 2178 878 2219; x_wconf 84' lang='lat' dir='ltr'><strong>eam</strong></span> <span class='ocrx_word' id='word_1_80' title='bbox 902 2155 1026 2220; x_wconf 85' lang='lat' dir='ltr'><strong>cunctis</strong></span> <span class='ocrx_word' id='word_1_81' title='bbox 1048 2171 1163 2221; x_wconf 83' lang='lat' dir='ltr'><strong>natura</strong></span> <span class='ocrx_word' id='word_1_82' title='bbox 1184 2156 1355 2235; x_wconf 86' lang='lat' dir='ltr'><strong>ministrat,</strong></span> 
     </span>
     <span class='ocr_line' id='line_1_14' title="bbox 397 2258 1354 2345; baseline 0 -22"><span class='ocrx_word' id='word_1_83' title='bbox 397 2271 455 2324; x_wconf 86' lang='lat' dir='ltr'><strong>aut</strong></span> <span class='ocrx_word' id='word_1_84' title='bbox 470 2273 576 2345; x_wconf 83' lang='lat' dir='ltr'><strong>negat.</strong></span> <span class='ocrx_word' id='word_1_85' title='bbox 622 2260 655 2326; x_wconf 84' lang='lat' dir='ltr'><strong>Si</strong></span> <span class='ocrx_word' id='word_1_86' title='bbox 673 2259 757 2325; x_wconf 86' lang='lat' dir='ltr'><strong>ultro</strong></span> <span class='ocrx_word' id='word_1_87' title='bbox 772 2258 942 2337; x_wconf 88' lang='lat' dir='ltr'><strong>ministrat,</strong></span> <span class='ocrx_word' id='word_1_88' title='bbox 958 2272 1015 2323; x_wconf 84' lang='lat' dir='ltr'><strong>uut</strong></span> <span class='ocrx_word' id='word_1_89' title='bbox 1031 2273 1164 2344; x_wconf 85' lang='lat' dir='ltr'><strong>sponte;</strong></span> <span class='ocrx_word' id='word_1_90' title='bbox 1189 2280 1287 2345; x_wconf 83' lang='lat' dir='ltr'><strong>opers</strong></span> <span class='ocrx_word' id='word_1_91' title='bbox 1300 2281 1354 2323; x_wconf 89' lang='lat' dir='ltr'><strong>su·</strong></span> 
     </span>
     <span class='ocr_line' id='line_1_15' title="bbox 398 2358 1353 2447; baseline 0 -22"><span class='ocrx_word' id='word_1_92' title='bbox 398 2360 539 2447; x_wconf 85' lang='lat' dir='ltr'><strong>perfluit,</strong></span> <span class='ocrx_word' id='word_1_93' title='bbox 555 2370 587 2425; x_wconf 88' lang='lat' dir='ltr'><strong>et</strong></span> <span class='ocrx_word' id='word_1_94' title='bbox 609 2360 784 2446; x_wconf 82' lang='lat' dir='ltr'><strong>diligentia.</strong></span> <span class='ocrx_word' id='word_1_95' title='bbox 831 2361 865 2424; x_wconf 90' lang='lat' dir='ltr'><strong>Si</strong></span> <span class='ocrx_word' id='word_1_96' title='bbox 887 2382 963 2424; x_wconf 84' lang='lat' dir='ltr'><strong>vero</strong></span> <span class='ocrx_word' id='word_1_97' title='bbox 983 2372 1100 2447; x_wconf 84' lang='lat' dir='ltr'><strong>negat3</strong></span> <span class='ocrx_word' id='word_1_98' title='bbox 1126 2358 1272 2427; x_wconf 76' lang='lat' dir='ltr'><strong>inefficax</strong></span> <span class='ocrx_word' id='word_1_99' title='bbox 1293 2373 1353 2435; x_wconf 85' lang='lat' dir='ltr'><strong>est,</strong></span> 
     </span>
     <span class='ocr_line' id='line_1_16' title="bbox 399 2460 1355 2550; baseline 0 -23"><span class='ocrx_word' id='word_1_100' title='bbox 399 2476 431 2527; x_wconf 88' lang='lat' dir='ltr'><strong>et</strong></span> <span class='ocrx_word' id='word_1_101' title='bbox 447 2464 560 2528; x_wconf 86' lang='lat' dir='ltr'><strong>inanis.</strong></span> <span class='ocrx_word' id='word_1_102' title='bbox 606 2464 687 2527; x_wconf 87' lang='lat' dir='ltr'><strong>Nam</strong></span> <span class='ocrx_word' id='word_1_103' title='bbox 706 2464 895 2549; x_wconf 88' lang='lat' dir='ltr'><strong>plerumque</strong></span> <span class='ocrx_word' id='word_1_104' title='bbox 915 2460 957 2525; x_wconf 85' lang='lat' dir='ltr'><strong>ad</strong></span> <span class='ocrx_word' id='word_1_105' title='bbox 977 2462 1186 2526; x_wconf 80' lang='lat' dir='ltr'><strong>maximarum</strong></span> <span class='ocrx_word' id='word_1_106' title='bbox 1210 2464 1355 2550; x_wconf 89' lang='lat' dir='ltr'><strong>proposi·</strong></span> 
     </span>
     <span class='ocr_line' id='line_1_17' title="bbox 396 2564 1351 2649; baseline 0.001 -20"><span class='ocrx_word' id='word_1_107' title='bbox 396 2564 519 2629; x_wconf 86' lang='lat' dir='ltr'><strong>tionum</strong></span> <span class='ocrx_word' id='word_1_108' title='bbox 532 2566 630 2631; x_wconf 89' lang='lat' dir='ltr'><strong>robur</strong></span> <span class='ocrx_word' id='word_1_109' title='bbox 642 2565 780 2630; x_wconf 80' lang='lat' dir='ltr'><strong>accedit:</strong></span> <span class='ocrx_word' id='word_1_110' title='bbox 810 2568 956 2630; x_wconf 82' lang='lat' dir='ltr'><strong>Tantum</strong></span> <span class='ocrx_word' id='word_1_111' title='bbox 971 2586 1126 2648; x_wconf 80' lang='lat' dir='ltr'><strong>quemque</strong></span> <span class='ocrx_word' id='word_1_112' title='bbox 1132 2586 1235 2649; x_wconf 84' lang='lat' dir='ltr'><strong>posse,</strong></span> <span class='ocrx_word' id='word_1_113' title='bbox 1247 2586 1351 2648; x_wconf 82' lang='lat' dir='ltr'><strong>quun·</strong></span> 
     </span>
     <span class='ocr_line' id='line_1_18' title="bbox 398 2664 1355 2751; baseline 0.001 -22"><span class='ocrx_word' id='word_1_114' title='bbox 398 2676 467 2731; x_wconf 83' lang='lat' dir='ltr'><strong>tum</strong></span> <span class='ocrx_word' id='word_1_115' title='bbox 483 2676 607 2732; x_wconf 83' lang='lat' dir='ltr'><strong>nutura</strong></span> <span class='ocrx_word' id='word_1_116' title='bbox 621 2670 809 2751; x_wconf 75' lang='lat' dir='ltr'><strong>permiserit.</strong></span> <span class='ocrx_word' id='word_1_117' title='bbox 849 2665 943 2729; x_wconf 89' lang='lat' dir='ltr'><strong>Adeo</strong></span> <span class='ocrx_word' id='word_1_118' title='bbox 953 2665 1097 2750; x_wconf 82' lang='lat' dir='ltr'><strong>quidem,</strong></span> <span class='ocrx_word' id='word_1_119' title='bbox 1110 2684 1146 2729; x_wconf 90' lang='lat' dir='ltr'><strong>ut</strong></span> <span class='ocrx_word' id='word_1_120' title='bbox 1161 2668 1248 2751; x_wconf 80' lang='lat' dir='ltr'><strong>apud</strong></span> <span class='ocrx_word' id='word_1_121' title='bbox 1261 2664 1355 2731; x_wconf 86' lang='lat' dir='ltr'><strong>serie-</strong></span> 
     </span>
     <span class='ocr_line' id='line_1_19' title="bbox 396 2766 1353 2843; baseline -0.001 -12"><span class='ocrx_word' id='word_1_122' title='bbox 396 2778 494 2831; x_wconf 86' lang='lat' dir='ltr'><strong>tatem</strong></span> <span class='ocrx_word' id='word_1_123' title='bbox 520 2768 662 2833; x_wconf 80' lang='lat' dir='ltr'><strong>fidelium</strong></span> <span class='ocrx_word' id='word_1_124' title='bbox 687 2766 909 2831; x_wconf 90' lang='lat' dir='ltr'><strong>historicorum</strong></span> <span class='ocrx_word' id='word_1_125' title='bbox 936 2778 1071 2843; x_wconf 86' lang='lat' dir='ltr'><strong>constet,</strong></span> <span class='ocrx_word' id='word_1_126' title='bbox 1095 2766 1266 2831; x_wconf 80' lang='lat' dir='ltr'><strong>Doedalum</strong></span> <span class='ocrx_word' id='word_1_127' title='bbox 1289 2788 1353 2831; x_wconf 90' lang='lat' dir='ltr'><strong>non</strong></span> 
     </span>
     <span class='ocr_line' id='line_1_20' title="bbox 396 2865 1355 2955; baseline -0.001 -23"><span class='ocrx_word' id='word_1_128' title='bbox 396 2869 528 2950; x_wconf 82' lang='lat' dir='ltr'><strong>volasse,</strong></span> <span class='ocrx_word' id='word_1_129' title='bbox 543 2870 693 2955; x_wconf 83' lang='lat' dir='ltr'><strong>quonism</strong></span> <span class='ocrx_word' id='word_1_130' title='bbox 709 2869 738 2931; x_wconf 92' lang='lat' dir='ltr'><strong>ei</strong></span> <span class='ocrx_word' id='word_1_131' title='bbox 756 2879 872 2930; x_wconf 85' lang='lat' dir='ltr'><strong>natura</strong></span> <span class='ocrx_word' id='word_1_132' title='bbox 887 2865 952 2929; x_wconf 85' lang='lat' dir='ltr'><strong>aias</strong></span> <span class='ocrx_word' id='word_1_133' title='bbox 974 2878 1155 2951; x_wconf 79' lang='lat' dir='ltr'><strong>negaverat,</strong></span> <span class='ocrx_word' id='word_1_134' title='bbox 1172 2866 1227 2930; x_wconf 88' lang='lat' dir='ltr'><strong>sed</strong></span> <span class='ocrx_word' id='word_1_135' title='bbox 1246 2879 1355 2953; x_wconf 87' lang='lat' dir='ltr'><strong>tyran-</strong></span> 
     </span>
     <span class='ocr_line' id='line_1_21' title="bbox 397 2966 1355 3050; baseline -0.002 -17"><span class='ocrx_word' id='word_1_136' title='bbox 397 2970 500 3033; x_wconf 87' lang='lat' dir='ltr'><strong>nicam</strong></span> <span class='ocrx_word' id='word_1_137' title='bbox 516 2970 635 3032; x_wconf 80' lang='lat' dir='ltr'><strong>rabiem</strong></span> <span class='ocrx_word' id='word_1_138' title='bbox 652 2968 759 3031; x_wconf 91' lang='lat' dir='ltr'><strong>subito</strong></span> <span class='ocrx_word' id='word_1_139' title='bbox 775 2967 910 3029; x_wconf 86' lang='lat' dir='ltr'><strong>evasisse</strong></span> <span class='ocrx_word' id='word_1_140' title='bbox 926 2966 1062 3050; x_wconf 81' lang='lat' dir='ltr'><strong>navigio.</strong></span> <span class='ocrx_word' id='word_1_141' title='bbox 1101 2968 1259 3031; x_wconf 80' lang='lat' dir='ltr'><strong>Proeterea</strong></span> <span class='ocrx_word' id='word_1_142' title='bbox 1272 2967 1355 3032; x_wconf 85' lang='lat' dir='ltr'><strong>ratio</strong></span> 
     </span>
     <span class='ocr_line' id='line_1_22' title="bbox 396 3064 1353 3157; baseline 0.001 -24"><span class='ocrx_word' id='word_1_143' title='bbox 396 3082 644 3157; x_wconf 83' lang='lat' dir='ltr'><strong>praeceptorum,</strong></span> <span class='ocrx_word' id='word_1_144' title='bbox 661 3068 748 3154; x_wconf 90' lang='lat' dir='ltr'><strong>quod</strong></span> <span class='ocrx_word' id='word_1_145' title='bbox 764 3067 945 3155; x_wconf 83' lang='lat' dir='ltr'><strong>pollicetur,</strong></span> <span class='ocrx_word' id='word_1_146' title='bbox 963 3088 1023 3131; x_wconf 89' lang='lat' dir='ltr'><strong>non</strong></span> <span class='ocrx_word' id='word_1_147' title='bbox 1039 3064 1153 3132; x_wconf 84' lang='lat' dir='ltr'><strong>efficit:</strong></span> <span class='ocrx_word' id='word_1_148' title='bbox 1176 3081 1207 3134; x_wconf 84' lang='lat' dir='ltr'><strong>et</strong></span> <span class='ocrx_word' id='word_1_149' title='bbox 1223 3068 1353 3134; x_wconf 91' lang='lat' dir='ltr'><strong>omniuo</strong></span> 
     </span>
     <span class='ocr_line' id='line_1_23' title="bbox 396 3167 1353 3259; baseline 0.001 -23"><span class='ocrx_word' id='word_1_150' title='bbox 396 3169 590 3259; x_wconf 86' lang='lat' dir='ltr'><strong>impossibile</strong></span> <span class='ocrx_word' id='word_1_151' title='bbox 611 3184 671 3247; x_wconf 86' lang='lat' dir='ltr'><strong>est,</strong></span> <span class='ocrx_word' id='word_1_152' title='bbox 694 3182 731 3235; x_wconf 92' lang='lat' dir='ltr'><strong>ut</strong></span> <span class='ocrx_word' id='word_1_153' title='bbox 753 3172 827 3257; x_wconf 92' lang='lat' dir='ltr'><strong>quis</strong></span> <span class='ocrx_word' id='word_1_154' title='bbox 849 3167 1001 3255; x_wconf 87' lang='lat' dir='ltr'><strong>eloquens</strong></span> <span class='ocrx_word' id='word_1_155' title='bbox 1023 3171 1076 3248; x_wconf 90' lang='lat' dir='ltr'><strong>sit,</strong></span> <span class='ocrx_word' id='word_1_156' title='bbox 1098 3171 1195 3236; x_wconf 82' lang='lat' dir='ltr'><strong>etism</strong></span> <span class='ocrx_word' id='word_1_157' title='bbox 1218 3170 1353 3257; x_wconf 84' lang='lat' dir='ltr'><strong>diligen-</strong></span> 
     </span>
     <span class='ocr_line' id='line_1_24' title="bbox 396 3270 1350 3361; baseline -0.003 -21"><span class='ocrx_word' id='word_1_158' title='bbox 396 3274 517 3340; x_wconf 87' lang='lat' dir='ltr'><strong>tissimo</strong></span> <span class='ocrx_word' id='word_1_159' title='bbox 529 3272 636 3339; x_wconf 83' lang='lat' dir='ltr'><strong>studio</strong></span> <span class='ocrx_word' id='word_1_160' title='bbox 648 3287 892 3361; x_wconf 71' lang='lat' dir='ltr'><strong>praeceptorum.</strong></span> <span class='ocrx_word' id='word_1_161' title='bbox 933 3270 1057 3337; x_wconf 87' lang='lat' dir='ltr'><strong>Sufficit</strong></span> <span class='ocrx_word' id='word_1_162' title='bbox 1068 3273 1149 3337; x_wconf 85' lang='lat' dir='ltr'><strong>enim</strong></span> <span class='ocrx_word' id='word_1_163' title='bbox 1162 3295 1240 3339; x_wconf 91' lang='lat' dir='ltr'><strong>usus</strong></span> <span class='ocrx_word' id='word_1_164' title='bbox 1250 3274 1350 3353; x_wconf 86' lang='lat' dir='ltr'><strong>verbi,</strong></span> 
     </span>
     <span class='ocr_line' id='line_1_25' title="bbox 394 3375 1350 3464; baseline 0 -23"><span class='ocrx_word' id='word_1_165' title='bbox 394 3375 1170 3464; x_wconf 83' lang='lat' dir='ltr'><strong>loquendiqueintercohabitantescommercium:</strong></span> <span class='ocrx_word' id='word_1_166' title='bbox 1189 3390 1219 3440; x_wconf 85' lang='lat' dir='ltr'><strong>et</strong></span> <span class='ocrx_word' id='word_1_167' title='bbox 1230 3376 1350 3461; x_wconf 69' lang='lat' dir='ltr'><strong>linguae</strong></span> 
     </span>
     <span class='ocr_line' id='line_1_26' title="bbox 394 3476 1348 3567; baseline 0 -23"><span class='ocrx_word' id='word_1_168' title='bbox 394 3482 551 3567; x_wconf 88' lang='lat' dir='ltr'><strong>cujusque</strong></span> <span class='ocrx_word' id='word_1_169' title='bbox 574 3479 669 3543; x_wconf 81' lang='lat' dir='ltr'><strong>habet</strong></span> <span class='ocrx_word' id='word_1_170' title='bbox 692 3477 887 3563; x_wconf 87' lang='lat' dir='ltr'><strong>potissimam</strong></span> <span class='ocrx_word' id='word_1_171' title='bbox 911 3476 1111 3555; x_wconf 81' lang='lat' dir='ltr'><strong>fucultatem,</strong></span> <span class='ocrx_word' id='word_1_172' title='bbox 1131 3476 1189 3563; x_wconf 92' lang='lat' dir='ltr'><strong>qui</strong></span> <span class='ocrx_word' id='word_1_173' title='bbox 1210 3476 1348 3544; x_wconf 87' lang='lat' dir='ltr'><strong>officium</strong></span> 
     </span>
     <span class='ocr_line' id='line_1_27' title="bbox 393 3582 740 3668; baseline -0.006 -23"><span class='ocrx_word' id='word_1_174' title='bbox 393 3584 463 3668; x_wconf 84' lang='lat' dir='ltr'><strong>ejus</strong></span> <span class='ocrx_word' id='word_1_175' title='bbox 478 3582 590 3645; x_wconf 86' lang='lat' dir='ltr'><strong>crebro</strong></span> <span class='ocrx_word' id='word_1_176' title='bbox 604 3592 740 3645; x_wconf 70' lang='lat' dir='ltr'><strong>exercet.</strong></span> 
     </span>
    </p>

    <p class='ocr_par' dir='ltr' id='par_1_5' title="bbox 392 3680 1349 4481">
     <span class='ocr_line' id='line_1_28' title="bbox 435 3680 1347 3770; baseline -0.001 -21"><span class='ocrx_word' id='word_1_177' title='bbox 435 3683 533 3770; x_wconf 87' lang='lat' dir='ltr'><strong>Apud</strong></span> <span class='ocrx_word' id='word_1_178' title='bbox 555 3684 684 3749; x_wconf 80' lang='lat' dir='ltr'><strong>Groecos</strong></span> <span class='ocrx_word' id='word_1_179' title='bbox 706 3681 836 3767; x_wconf 86' lang='lat' dir='ltr'><strong>planum</strong></span> <span class='ocrx_word' id='word_1_180' title='bbox 856 3693 904 3746; x_wconf 86' lang='lat' dir='ltr'><strong>est</strong></span> <span class='ocrx_word' id='word_1_181' title='bbox 927 3680 997 3757; x_wconf 86' lang='lat' dir='ltr'><strong>boc,</strong></span> <span class='ocrx_word' id='word_1_182' title='bbox 1012 3690 1045 3744; x_wconf 85' lang='lat' dir='ltr'><strong>et</strong></span> <span class='ocrx_word' id='word_1_183' title='bbox 1068 3680 1211 3747; x_wconf 89' lang='lat' dir='ltr'><strong>Latinos.</strong></span> <span class='ocrx_word' id='word_1_184' title='bbox 1257 3682 1347 3748; x_wconf 86' lang='lat' dir='ltr'><strong>Idem</strong></span> 
     </span>
     <span class='ocr_line' id='line_1_29' title="bbox 394 3782 1348 3871; baseline -0.001 -21"><span class='ocrx_word' id='word_1_185' title='bbox 394 3785 481 3852; x_wconf 75' lang='lat' dir='ltr'><strong>Gelli</strong></span> <span class='ocrx_word' id='word_1_186' title='bbox 497 3785 587 3850; x_wconf 91' lang='lat' dir='ltr'><strong>nobis</strong></span> <span class='ocrx_word' id='word_1_187' title='bbox 602 3796 806 3860; x_wconf 84' lang='lat' dir='ltr'><strong>attestantur,</strong></span> <span class='ocrx_word' id='word_1_188' title='bbox 821 3796 854 3847; x_wconf 90' lang='lat' dir='ltr'><strong>et</strong></span> <span class='ocrx_word' id='word_1_189' title='bbox 877 3782 1035 3848; x_wconf 88' lang='lat' dir='ltr'><strong>Britones.</strong></span> <span class='ocrx_word' id='word_1_190' title='bbox 1079 3783 1177 3869; x_wconf 81' lang='lat' dir='ltr'><strong>Apud</strong></span> <span class='ocrx_word' id='word_1_191' title='bbox 1202 3786 1348 3871; x_wconf 81' lang='lat' dir='ltr'><strong>Scythas,</strong></span> 
     </span>
     <span class='ocr_line' id='line_1_30' title="bbox 393 3881 1349 3971; baseline 0.001 -22"><span class='ocrx_word' id='word_1_192' title='bbox 393 3898 425 3950; x_wconf 82' lang='lat' dir='ltr'><strong>et</strong></span> <span class='ocrx_word' id='word_1_193' title='bbox 441 3886 571 3963; x_wconf 83' lang='lat' dir='ltr'><strong>Arabes,</strong></span> <span class='ocrx_word' id='word_1_194' title='bbox 587 3883 651 3949; x_wconf 88' lang='lat' dir='ltr'><strong>imo</strong></span> <span class='ocrx_word' id='word_1_195' title='bbox 667 3884 788 3970; x_wconf 88' lang='lat' dir='ltr'><strong>ubique</strong></span> <span class='ocrx_word' id='word_1_196' title='bbox 804 3881 958 3959; x_wconf 88' lang='lat' dir='ltr'><strong>locorum,</strong></span> <span class='ocrx_word' id='word_1_197' title='bbox 973 3904 1084 3947; x_wconf 88' lang='lat' dir='ltr'><strong>verum</strong></span> <span class='ocrx_word' id='word_1_198' title='bbox 1099 3895 1159 3962; x_wconf 85' lang='lat' dir='ltr'><strong>est,</strong></span> <span class='ocrx_word' id='word_1_199' title='bbox 1175 3885 1251 3971; x_wconf 83' lang='lat' dir='ltr'><strong>quia</strong></span> <span class='ocrx_word' id='word_1_200' title='bbox 1271 3908 1349 3950; x_wconf 90' lang='lat' dir='ltr'><strong>usus</strong></span> 
     </span>
     <span class='ocr_line' id='line_1_31' title="bbox 392 3984 1347 4071; baseline 0.002 -21"><span class='ocrx_word' id='word_1_201' title='bbox 392 3991 578 4071; x_wconf 85' lang='lat' dir='ltr'><strong>magistrum</strong></span> <span class='ocrx_word' id='word_1_202' title='bbox 602 3986 727 4053; x_wconf 85' lang='lat' dir='ltr'><strong>reddit:</strong></span> <span class='ocrx_word' id='word_1_203' title='bbox 758 3985 849 4051; x_wconf 80' lang='lat' dir='ltr'><strong>labor</strong></span> <span class='ocrx_word' id='word_1_204' title='bbox 869 3984 1036 4071; x_wconf 90' lang='lat' dir='ltr'><strong>improbus</strong></span> <span class='ocrx_word' id='word_1_205' title='bbox 1058 3985 1155 4052; x_wconf 84' lang='lat' dir='ltr'><strong>vincit</strong></span> <span class='ocrx_word' id='word_1_206' title='bbox 1177 3989 1294 4066; x_wconf 75' lang='lat' dir='ltr'><strong>omnin,</strong></span> <span class='ocrx_word' id='word_1_207' title='bbox 1315 4000 1347 4052; x_wconf 89' lang='lat' dir='ltr'><strong>et</strong></span> 
     </span>
     <span class='ocr_line' id='line_1_32' title="bbox 392 4086 1346 4175; baseline 0 -24"><span class='ocrx_word' id='word_1_208' title='bbox 392 4087 561 4152; x_wconf 84' lang='lat' dir='ltr'><strong>assiduitas</strong></span> <span class='ocrx_word' id='word_1_209' title='bbox 589 4088 704 4175; x_wconf 86' lang='lat' dir='ltr'><strong>operis,</strong></span> <span class='ocrx_word' id='word_1_210' title='bbox 733 4086 766 4151; x_wconf 92' lang='lat' dir='ltr'><strong>in</strong></span> <span class='ocrx_word' id='word_1_211' title='bbox 795 4087 909 4174; x_wconf 89' lang='lat' dir='ltr'><strong>quavis</strong></span> <span class='ocrx_word' id='word_1_212' title='bbox 940 4099 1020 4167; x_wconf 86' lang='lat' dir='ltr'><strong>arte,</strong></span> <span class='ocrx_word' id='word_1_213' title='bbox 1037 4090 1346 4172; x_wconf 81' lang='lat' dir='ltr'><strong>praestantissimum</strong></span> 
     </span>
     <span class='ocr_line' id='line_1_33' title="bbox 392 4188 1346 4276; baseline -0.001 -23"><span class='ocrx_word' id='word_1_214' title='bbox 392 4188 470 4254; x_wconf 82' lang='lat' dir='ltr'><strong>iacit</strong></span> <span class='ocrx_word' id='word_1_215' title='bbox 496 4188 652 4275; x_wconf 81' lang='lat' dir='ltr'><strong>opificem.</strong></span> <span class='ocrx_word' id='word_1_216' title='bbox 697 4190 752 4253; x_wconf 90' lang='lat' dir='ltr'><strong>Ad</strong></span> <span class='ocrx_word' id='word_1_217' title='bbox 778 4189 859 4269; x_wconf 85' lang='lat' dir='ltr'>haec,</span> <span class='ocrx_word' id='word_1_218' title='bbox 883 4189 943 4254; x_wconf 85' lang='lat' dir='ltr'><strong>etsi</strong></span> <span class='ocrx_word' id='word_1_219' title='bbox 969 4189 1160 4274; x_wconf 66' lang='lat' dir='ltr'><strong>eloquentiae</strong></span> <span class='ocrx_word' id='word_1_220' title='bbox 1185 4203 1346 4276; x_wconf 85' lang='lat' dir='ltr'><strong>proecepts</strong></span> 
     </span>
     <span class='ocr_line' id='line_1_34' title="bbox 392 4290 1343 4379; baseline 0.001 -24"><span class='ocrx_word' id='word_1_221' title='bbox 392 4292 592 4379; x_wconf 85' lang='lat' dir='ltr'><strong>proficerent,</strong></span> <span class='ocrx_word' id='word_1_222' title='bbox 610 4290 681 4379; x_wconf 85' lang='lat' dir='ltr'><strong>pius</strong></span> <span class='ocrx_word' id='word_1_223' title='bbox 702 4290 820 4357; x_wconf 85' lang='lat' dir='ltr'><strong>habent</strong></span> <span class='ocrx_word' id='word_1_224' title='bbox 836 4291 962 4371; x_wconf 80' lang='lat' dir='ltr'><strong>laboris,</strong></span> <span class='ocrx_word' id='word_1_225' title='bbox 976 4313 1073 4378; x_wconf 84' lang='lat' dir='ltr'><strong>quam</strong></span> <span class='ocrx_word' id='word_1_226' title='bbox 1090 4290 1256 4364; x_wconf 80' lang='lat' dir='ltr'><strong>utilitatis3</strong></span> <span class='ocrx_word' id='word_1_227' title='bbox 1284 4314 1343 4356; x_wconf 84' lang='lat' dir='ltr'><strong>nec</strong></span> 
     </span>
     <span class='ocr_line' id='line_1_35' title="bbox 392 4390 1345 4481; baseline 0.001 -24"><span class='ocrx_word' id='word_1_228' title='bbox 392 4393 593 4480; x_wconf 82' lang='lat' dir='ltr'><strong>dispendium</strong></span> <span class='ocrx_word' id='word_1_229' title='bbox 617 4417 721 4481; x_wconf 84' lang='lat' dir='ltr'><strong>operae</strong></span> <span class='ocrx_word' id='word_1_230' title='bbox 743 4416 836 4479; x_wconf 77' lang='lat' dir='ltr'><strong>sequa</strong></span> <span class='ocrx_word' id='word_1_231' title='bbox 859 4414 1000 4478; x_wconf 87' lang='lat' dir='ltr'><strong>unquam</strong></span> <span class='ocrx_word' id='word_1_232' title='bbox 1020 4390 1277 4474; x_wconf 78' lang='lat' dir='ltr'><strong>compensabitur</strong></span> <span class='ocrx_word' id='word_1_233' title='bbox 1298 4416 1345 4458; x_wconf 83' lang='lat' dir='ltr'><strong>re-</strong></span> 
     </span>
    </p>
   </div>
   <div class='ocr_carea' id='block_1_5' title="bbox 0 0 1818 5317">
    <p class='ocr_par' dir='ltr' id='par_1_6' title="bbox 0 0 1818 5317">
     <span class='ocr_line' id='line_1_36' title="bbox 0 0 1818 5317; baseline 0 5"><span class='ocrx_word' id='word_1_234' title='bbox 0 0 1818 5317; x_wconf 95' lang='lat' dir='ltr'><strong> </strong></span> 
     </span>
    </p>
   </div>
  </div>
 </body>
</html>
