3625 5317
462 756 503 815 56
722 770 859 815 soaaurs
875 770 1154 819 saassnnarausrs
1291 752 1374 833 [tra.
1390 772 1414 819 1.

462 918 561 983 robur
576 919 734 998 coalescit,
749 932 781 987 et
796 922 909 987 crescit
924 918 1154 1006 multipliciter,
1165 934 1202 986 ut
1216 922 1294 989 boni
1308 923 1416 1009 operis

460 1021 602 1086 fructum
619 1022 726 1100 faciat,
742 1023 827 1088 unde
843 1024 919 1089 boni
934 1021 994 1087 viri
1008 1035 1040 1088 et
1055 1022 1271 1104 nominantur,
1281 1037 1312 1088 et
1330 1038 1415 1089 sunt.

464 1122 539 1187 Sola
561 1135 664 1189 tamen
687 1124 801 1210 gratia,
814 1149 888 1213 quae
910 1139 942 1191 et
964 1126 1046 1189 velle
1066 1126 1197 1204 bonum,
1214 1140 1246 1191 ct
1266 1126 1418 1211 perlicere

461 1237 624 1309 operatur,
639 1226 744 1290 virum
759 1225 879 1291 bonum
894 1226 984 1303 facit,
998 1238 1031 1289 et
1047 1247 1114 1312 praa
1128 1225 1254 1292 caeteris
1265 1225 1416 1290 omnibus

462 1337 547 1389 recte
567 1325 735 1402 scribendi,
751 1340 883 1393 streete
907 1324 1070 1412 loquendi,
1085 1326 1206 1412 quibus
1226 1326 1339 1392 datum
1354 1339 1416 1406 est,

461 1426 646 1492 facultatem
672 1428 868 1513 impertitur,
890 1440 1040 1513 artesque
1065 1428 1222 1493 ministrat
1248 1429 1360 1507 ranas,
1383 1442 1417 1493 et

463 1548 564 1613 quum
587 1551 620 1594 se
644 1527 864 1615 indigentibus
886 1529 1021 1613 benigne
1043 1530 1148 1609 offert,
1168 1529 1328 1595 contemni
1350 1552 1416 1596 non

462 1628 567 1695 debet.
613 1629 750 1697 sienim
773 1631 1098 1716 contemnitur,juste
1118 1629 1250 1712 recedit,
1264 1651 1324 1696 nec
1343 1653 1418 1695 oon-

464 1735 615 1821 temptori
630 1734 822 1822 relinquitur
837 1734 1075 1820 conquestionis
1087 1734 1193 1799 locus.

465 1935 544 2018 Cap.
560 1942 612 1999 et.
634 1935 687 1999 De
705 1956 769 1999 usu
789 1935 927 2015 legendi,
942 1940 975 1997 et
992 1934 1212 2015 praelegendis
1242 1944 1273 1999 et
1287 1954 1417 2000 masue-

504 2036 620 2098 tudr'rte
635 2035 801 2097 Bernardi
817 2033 1034 2108 Carnotertsis,
1050 2041 1083 2098 et
1095 2037 1282 2116 sequacium
1297 2037 1381 2116 ejus.

507 2150 574 2225 Qtu
603 2171 680 2233 ergo
709 2146 748 2212 ad
776 2148 1011 2235 philosophiam
1038 2151 1169 2238 aspirat,
1195 2150 1418 2237 apprehendat

462 2250 645 2327 lectionem,
671 2249 863 2327 doctrinam,
889 2263 922 2315 et
945 2251 1198 2331 meditationem,
1223 2275 1296 2317 cum
1325 2275 1416 2316 exer·

463 2350 540 2416 citio
570 2352 645 2416 boni
673 2352 789 2436 operis,
815 2353 985 2438 nequando
1009 2353 1165 2420 irascatur
1191 2358 1360 2429 Dominus,
1384 2367 1417 2419 ct

464 2454 552 2539 quod
593 2453 763 2517 videbatur
802 2452 932 2529 habere,
972 2456 1138 2520 auferatur
1171 2452 1213 2519 ab
1246 2477 1296 2519 eo.
1353 2456 1418 2519 Sed

464 2556 541 2641 quia
570 2554 695 2641 legendi
725 2556 856 2621 verbum
884 2557 1084 2641 aequivocum
1107 2569 1166 2635 est,
1191 2570 1256 2622 tam
1286 2557 1328 2622 ad
1358 2557 1418 2621 do·

463 2656 563 2721 centis
578 2670 609 2722 et
625 2656 774 2723 discentis
789 2659 985 2734 exercitium,
1000 2681 1098 2744 quam
1119 2660 1159 2724 ad
1175 2660 1417 2746 occupationem

464 2784 521 2848 per
543 2784 575 2827 se
598 2762 768 2828 scrutantis
791 2764 986 2847 scripturas3
1011 2760 1160 2839 alterum,
1182 2761 1216 2826 id
1239 2775 1298 2844 est,
1328 2761 1417 2847 quod

462 2864 546 2929 inter
583 2865 746 2931 doctorem
776 2878 810 2931 et
844 2864 1040 2950 discipulum
1075 2864 1327 2930 communicatur
1366 2864 1415 2938 (ut

463 2965 561 3031 verbo
576 2980 705 3031 utamur
721 2965 933 3047 Quintiliani.)
950 2964 1076 3029 dicatur
1092 2963 1263 3050 praelectio,
1278 2963 1415 3030 alterum

463 3067 550 3153 quod
574 3068 615 3132 ad
631 3067 816 3132 scrutinium
840 3066 1024 3131 meditantis
1038 3066 1171 3142 accedit,
1189 3066 1281 3132 lectio
1295 3063 1418 3152 simpli-

464 3170 543 3231 citer
558 3168 749 3253 appelletur.
791 3168 880 3248 Ergo
896 3168 938 3230 ab
952 3166 1143 3230 auctoritate
1157 3166 1299 3251 ejusdem
1316 3169 1418 3243 Quin·

464 3267 577 3346 tiliani,
597 3267 630 3330 in
652 3265 867 3352 praelegendo,
893 3264 1131 3329 Grammaticus
1157 3276 1189 3327 et
1210 3248 1265 3331 illa
1286 3268 1418 3352 quidem

463 3368 585 3435 minora
606 3380 760 3455 praestare
783 3365 925 3445 debebit,
946 3378 983 3429 ut
1012 3378 1120 3450 partes
1149 3366 1300 3431 orationis
1325 3371 1418 3435 reddi

465 3470 525 3537 sibi
555 3471 660 3536 soluto
682 3492 776 3533 versu
800 3466 970 3543 desideret,
993 3479 1025 3531 et
1048 3466 1166 3552 pedum
1195 3470 1419 3557 proprietates,

464 3596 538 3661 quse
560 3571 678 3640 debent
699 3573 732 3637 in
755 3569 948 3637 carminibus
962 3583 1048 3634 notae
1063 3592 1143 3635 esse.
1189 3572 1419 3660 Deprehendat

465 3698 539 3764 quae
554 3675 699 3750 barbara,
716 3694 788 3759 quae
802 3672 987 3759 impropria,
1010 3685 1065 3737 aut
1087 3673 1165 3738 alias
1187 3687 1298 3740 contra
1313 3673 1417 3757 legem

466 3776 615 3862 loquendi
632 3772 817 3859 composita.
862 3774 935 3835 Non
952 3784 1057 3836 tamen
1073 3784 1109 3836 ut
1124 3784 1235 3858 poetas
1246 3771 1418 3856 improbet,

464 3877 583 3964 quibus
612 3877 654 3939 ob
685 3874 776 3939 metri
807 3874 1025 3939 necessitatem
1055 3873 1136 3937 adeo
1165 3874 1351 3958 ignoscitur,
1381 3886 1418 3938 ut

464 3978 542 4043 vitia
564 3978 633 4065 ipsa
654 3978 687 4042 in
710 3976 858 4049 carmine,
882 3974 1038 4041 virtutum
1062 3975 1188 4039 nomine
1209 3988 1418 4041 censeantur:

463 4080 588 4147 laudem
605 4080 687 4143 enim
709 4077 838 4162 virtutis
862 4076 1049 4163 plerumque
1069 4090 1204 4162 occupat
1223 4077 1419 4143 necessitatis

463 4180 661 4268 improbitas,
690 4178 741 4245 cui
771 4181 837 4241 sine
870 4174 1037 4261 dispendio
1072 4178 1181 4261 negari
1211 4198 1274 4241 non
1313 4189 1419 4261 potest

464 4304 620 4349 assensus.
666 4277 929 4365 Metaplasmum‚
950 4276 1282 4363 schematismumque,
1298 4289 1330 4340 et
1350 4299 1420 4340 ora-

463 4378 1252 4469 toriostropos‚multiplicitatemdictionumquum
1261 4378 1419 4452 affuerint,
