3625 5317
496 772 555 832 110
748 784 885 829 suenrus
902 782 1181 829 sunasasnmnsrs
1307 767 1390 848 [ma.
1406 786 1440 831 11.

489 936 625 1001 fideliter
647 934 849 1021 intelligitur.
895 933 982 999 Hinc
1003 934 1087 999 forte
1106 948 1155 1001 est
1176 934 1257 1000 illud
1279 936 1312 1001 in
1332 937 1442 1023 analy-

488 1040 577 1107 ticis:
615 1041 832 1105 Aristomenes
855 1039 1072 1121 intelligibilis
1095 1062 1220 1124 semper
1246 1048 1314 1115 ast,-
1352 1042 1443 1107 Aris-

487 1151 625 1209 lomense
646 1151 755 1207 autem
776 1162 843 1207 non
863 1162 998 1225 semper,
1011 1142 1163 1227 quoniam
1184 1143 1370 1230 corruptilis
1382 1158 1442 1209 est.

488 1246 533 1309 Et
561 1245 620 1309 hoc
646 1243 777 1332 quidem
803 1256 851 1308 est
876 1242 1084 1326 singulariter
1112 1243 1328 1323 individuum,
1353 1246 1442 1333 quod

487 1344 590 1411 solum
628 1345 759 1433 quidum
792 1348 884 1410 aiunt
921 1367 1013 1431 posse
1050 1344 1091 1409 de
1127 1344 1237 1432 aliquo
1264 1346 1441 1433 predicari.

489 1446 583 1513 Plato
597 1446 681 1511 enim
698 1445 848 1512 Aristidis
867 1444 965 1520 filius,
980 1467 1038 1509 uec
1057 1445 1237 1531 quantitate
1252 1459 1290 1512 ut
1304 1460 1440 1525 atomus,

486 1570 544 1613 nec
567 1546 739 1626 soliditate,
763 1559 799 1611 ut
822 1545 962 1625 mamas,
985 1545 1043 1610 sed
1064 1568 1123 1610 nec
1144 1547 1381 1633 predicatione,
1403 1562 1440 1613 ut

486 1649 610 1727 dicunt,
639 1647 842 1714 individuum
872 1659 933 1713 est.
991 1647 1066 1732 Ego
1101 1647 1232 1734 quidem
1262 1648 1439 1734 opinionem

487 1752 569 1817 hanc
592 1750 796 1817 vehementer
817 1773 874 1815 nec
896 1749 1063 1835 impugno,
1087 1772 1145 1813 nec
1166 1771 1354 1835 propugno:
1385 1773 1441 1819 nec

488 1856 572 1921 enim
597 1856 733 1921 multum
760 1854 878 1918 referre
903 1852 1054 1930 arbitror,
1079 1853 1123 1917 ob
1148 1853 1218 1928 hoc,
1246 1854 1334 1941 quod
1356 1854 1442 1919 illam

487 1957 662 2045 amplector
682 1955 928 2021 indifferentiam
950 1958 985 2020 in
1007 1954 1226 2021 vicissitudine
1249 1978 1441 2034 sermonum,

488 2056 554 2121 sine
569 2079 634 2141 qua
654 2077 716 2119 non
736 2054 831 2118 credo
852 2055 1036 2142 quempiam
1058 2056 1100 2121 ad
1120 2069 1259 2122 mentem
1276 2070 1442 2125 auctorum

490 2155 628 2221 fideliter
653 2155 827 2243 pervenire.
879 2156 965 2234 Quid
995 2146 1086 2222 obest
1112 2157 1149 2237 si,
1176 2158 1442 2244 quemadmodum

488 2280 590 2343 genus
605 2256 646 2321 de
661 2255 764 2343 specie
779 2276 891 2322 verum
915 2272 974 2335 est,
990 2257 1082 2324 itaet
1101 2258 1195 2325 Plato
1215 2259 1275 2324 iste
1290 2259 1444 2327 sensibilis

492 2360 533 2425 de
547 2361 614 2425 filio
630 2357 784 2424 Aristidis
799 2381 894 2423 verus
909 2359 962 2437 sit,
977 2360 1004 2424 si
1018 2361 1048 2424 ei
1063 2363 1150 2426 solus
1164 2360 1259 2426 Plato
1273 2376 1322 2428 est
1335 2362 1444 2427 filius?

494 2462 585 2527 Sicut
614 2460 697 2527 enim
726 2460 822 2526 homo
851 2462 979 2545 animal,
1003 2476 1036 2529 et
1060 2462 1115 2529 ille
1143 2476 1191 2529 est
1222 2464 1326 2530 Plato.
1371 2466 1445 2530 Hoc

491 2563 588 2643 enim,
618 2588 657 2629 ex
694 2564 842 2652 opinione
879 2565 1093 2652 quorundam,
1122 2567 1254 2632 sensisse
1281 2567 1370 2633 visus
1397 2582 1444 2634 est

489 2666 680 2732 Aristoteles
699 2666 732 2732 in
754 2667 931 2755 analyticis,
946 2668 1072 2734 dicens:
1097 2671 1251 2734 Omnium
1265 2692 1342 2753 quae
1354 2679 1445 2748 aunt,

487 2770 558 2835 too
571 2770 696 2854 quidem
711 2778 791 2835 aunt
806 2774 901 2847 lolio,
917 2778 958 2835 ut
976 2772 1015 2836 de
1032 2774 1125 2835 nullo
1138 2775 1205 2837 olio
1220 2775 1444 2856 praedioantur

487 2894 560 2939 uera
581 2876 819 2951 uniuersaliter,
836 2888 872 2938 ut
893 2874 1001 2940 Cleon
1016 2886 1049 2939 et
1073 2874 1201 2953 Callias,
1217 2888 1250 2940 et
1266 2875 1354 2962 quod
1374 2880 1441 2941 sin·

483 2980 605 3058 gulare
623 2984 655 3042 st
674 2978 830 3054 sensibile,
847 2978 887 3041 de
906 2978 958 3041 liis
977 2984 1085 3041 nutem
1105 2980 1193 3041 alic:
1215 2999 1294 3042 num
1308 2986 1341 3043 et
1353 2980 1444 3043 bomo

487 3085 519 3142 et
532 3078 659 3143 animal
673 3085 810 3161 aterque
824 3099 934 3143 amum
949 3085 1008 3142 est.
1046 3080 1113 3142 nto
1127 3082 1291 3163 oero,ipao
1305 3081 1443 3162 quidem,

487 3179 528 3241 da
549 3182 625 3242 aliis
645 3181 882 3260 praedicantur,
897 3181 937 3243 de
958 3181 1010 3243 ltia
1030 3191 1149 3257 autem,
1165 3179 1228 3245 alia
1250 3181 1359 3268 priora
1378 3204 1439 3247 uon

487 3276 713 3363 predicantur.
757 3278 834 3343 Alia
855 3284 1104 3365 suismetipsis
1123 3284 1163 3347 cle
1180 3286 1267 3362 aliia,
1286 3291 1318 3349 el
1335 3286 1375 3349 de
1394 3287 1445 3350 ltia

486 3380 574 3443 olio:
598 3384 636 3442 ul
650 3378 740 3441 ltnmo
754 3380 794 3441 de
810 3378 930 3453 Callia,
942 3388 974 3444 et
988 3384 1028 3446 de
1041 3384 1168 3450 bomine
1182 3388 1316 3453 animal.
1355 3388 1443 3464 Quo-

488 3476 573 3543 niam
590 3500 667 3565 ergo
689 3478 840 3566 quaedam
862 3504 973 3548 eorum
995 3506 1071 3571 quae
1092 3500 1179 3568 sunt,
1193 3488 1235 3552 de
1256 3488 1345 3555 nullo
1365 3502 1442 3555 nata

487 3594 563 3646 suut
582 3580 645 3646 dici
669 3580 785 3669 palam,
801 3582 885 3663 (nam
901 3586 1097 3653 sensibilium
1117 3612 1212 3676 poene
1235 3591 1439 3679 unumquod-

487 3704 550 3769 que
576 3696 625 3749 est
655 3683 850 3771 hujusmodi,
879 3698 917 3751 ut
950 3686 992 3754 de
1021 3688 1111 3755 nullo
1147 3692 1352 3777 predicetur,
1381 3692 1441 3757 nisi

488 3782 663 3847 secundum
679 3783 840 3849 occidens:
865 3785 1002 3854 dicimus
1017 3789 1101 3855 enim
1122 3792 1318 3881 quaudoque
1331 3792 1440 3859 album

486 3882 568 3949 illud
590 3885 751 3951 Socratem
771 3910 849 3966 esse,
866 3902 897 3955 et
913 3891 1052 3968 veniens,
1071 3893 1217 3977 Calliam)
1239 3918 1314 3961 sane
1333 3896 1442 3983 inepta

486 3984 615 4053 videtur
630 3986 698 4053 lraec
719 3988 916 4072 distributio,
930 3992 990 4058 uisi
1011 3995 1160 4061 sensibile
1180 3998 1344 4085 contingat
1360 4020 1442 4085 praa·

487 4086 682 4164 dicitrinum
707 4102 812 4157 tnmen
835 4092 877 4156 dc
899 4092 973 4172 alio,
997 4094 1056 4159 uisi
1081 4097 1256 4163 secundum
1283 4098 1441 4164 accidens.

485 4190 520 4259 Si
535 4191 619 4257 enim
635 4213 693 4255 nec
707 4190 747 4255 de
763 4214 806 4267 se,
822 4212 879 4257 nac
895 4190 936 4255 de
949 4193 1026 4274 alio,
1039 4208 1077 4261 nt
1091 4199 1269 4265 secundum
1283 4200 1441 4281 accidens,

485 4293 690 4380 praedicatur,
701 4315 758 4357 nec
769 4292 848 4358 dicti
860 4293 987 4377 veritas,
996 4318 1054 4361 nec
1065 4301 1148 4365 ratio
1158 4315 1283 4368 constat
1291 4302 1440 4390 exempli.

397 4434 403 4447 ·
487 4393 581 4471 Quod
596 4394 624 4461 si
639 4416 697 4459 nec
717 4392 831 4479 subjici
851 4417 901 4460 res
923 4398 1080 4465 sensibilis
1098 4416 1216 4488 potest,
1234 4404 1438 4471 Aristotelem
