<?xml version="1.0" encoding="UTF-8"?>
<!DOCTYPE html PUBLIC "-//W3C//DTD XHTML 1.0 Transitional//EN"
    "http://www.w3.org/TR/xhtml1/DTD/xhtml1-transitional.dtd">
<html xmlns="http://www.w3.org/1999/xhtml" xml:lang="en" lang="en">
 <head>
  <title>
</title>
<meta http-equiv="Content-Type" content="text/html;charset=utf-8" />
  <meta name='ocr-system' content='tesseract 3.04.00' />
  <meta name='ocr-capabilities' content='ocr_page ocr_carea ocr_par ocr_line ocrx_word'/>
</head>
<body>
  <div class='ocr_page' id='page_1' title='image "./joannissaresber13johngoog_0126.png"; bbox 0 0 3625 5317; ppageno 0'>
   <div class='ocr_carea' id='block_1_1' title="bbox 503 756 1450 837">
    <p class='ocr_par' dir='ltr' id='par_1_1' title="bbox 503 756 1450 837">
     <span class='ocr_line' id='line_1_1' title="bbox 503 756 1450 837; baseline -0.002 -16"><span class='ocrx_word' id='word_1_1' title='bbox 503 762 561 821; x_wconf 75' lang='lat' dir='ltr'><strong>lla</strong></span> <span class='ocrx_word' id='word_1_2' title='bbox 776 772 912 819; x_wconf 75' lang='lat' dir='ltr'><strong>rossum</strong></span> <span class='ocrx_word' id='word_1_3' title='bbox 928 772 1207 819; x_wconf 79' lang='lat' dir='ltr'><strong>saansaaarnnsrs</strong></span> <span class='ocrx_word' id='word_1_4' title='bbox 1298 756 1381 837; x_wconf 84' lang='lat' dir='ltr'><strong>[mn.</strong></span> <span class='ocrx_word' id='word_1_5' title='bbox 1398 775 1450 819; x_wconf 79' lang='grc' dir='ltr'><strong>ιιι.</strong></span> 
     </span>
    </p>
   </div>
   <div class='ocr_carea' id='block_1_2' title="bbox 499 923 1448 1409">
    <p class='ocr_par' dir='ltr' id='par_1_2' title="bbox 499 923 1448 1409">
     <span class='ocr_line' id='line_1_2' title="bbox 499 923 1448 1011; baseline 0.001 -22"><span class='ocrx_word' id='word_1_6' title='bbox 499 923 555 1011; x_wconf 91' lang='lat' dir='ltr'><strong>qui</strong></span> <span class='ocrx_word' id='word_1_7' title='bbox 570 924 720 989; x_wconf 88' lang='lat' dir='ltr'><strong>instantia</strong></span> <span class='ocrx_word' id='word_1_8' title='bbox 731 924 885 1009; x_wconf 82' lang='lat' dir='ltr'><strong>pervicaci</strong></span> <span class='ocrx_word' id='word_1_9' title='bbox 898 925 1081 1008; x_wconf 85' lang='lat' dir='ltr'><strong>provocavit</strong></span> <span class='ocrx_word' id='word_1_10' title='bbox 1092 927 1268 999; x_wconf 87' lang='lat' dir='ltr'><strong>incautum,</strong></span> <span class='ocrx_word' id='word_1_11' title='bbox 1278 938 1311 987; x_wconf 89' lang='lat' dir='ltr'><strong>et</strong></span> <span class='ocrx_word' id='word_1_12' title='bbox 1322 938 1448 989; x_wconf 90' lang='lat' dir='ltr'><strong>utcum-</strong></span> 
     </span>
     <span class='ocr_line' id='line_1_3' title="bbox 500 1020 1448 1107; baseline 0.004 -24"><span class='ocrx_word' id='word_1_13' title='bbox 500 1040 562 1103; x_wconf 86' lang='lat' dir='ltr'><strong>que</strong></span> <span class='ocrx_word' id='word_1_14' title='bbox 591 1020 778 1107; x_wconf 85' lang='lat' dir='ltr'><strong>respondere</strong></span> <span class='ocrx_word' id='word_1_15' title='bbox 800 1020 904 1105; x_wconf 83' lang='lat' dir='ltr'>coegit</span> <span class='ocrx_word' id='word_1_16' title='bbox 926 1020 1074 1085; x_wconf 84' lang='lat' dir='ltr'><strong>invitum.</strong></span> <span class='ocrx_word' id='word_1_17' title='bbox 1119 1021 1205 1086; x_wconf 88' lang='lat' dir='ltr'>Mihi</span> <span class='ocrx_word' id='word_1_18' title='bbox 1227 1021 1337 1106; x_wconf 87' lang='lat' dir='ltr'><strong>itaque</strong></span> <span class='ocrx_word' id='word_1_19' title='bbox 1367 1021 1448 1087; x_wconf 88' lang='lat' dir='ltr'><strong>illud</strong></span> 
     </span>
     <span class='ocr_line' id='line_1_4' title="bbox 500 1122 750 1187; baseline -0.004 -1"><span class='ocrx_word' id='word_1_20' title='bbox 500 1123 639 1187; x_wconf 90' lang='lat' dir='ltr'><strong>ethicum</strong></span> <span class='ocrx_word' id='word_1_21' title='bbox 656 1122 750 1187; x_wconf 84' lang='lat' dir='ltr'><strong>facit:</strong></span> 
     </span>
     <span class='ocr_line' id='line_1_5' title="bbox 606 1252 1351 1324; baseline -0.001 -20"><span class='ocrx_word' id='word_1_22' title='bbox 606 1254 702 1305; x_wconf 83' lang='lat' dir='ltr'><strong>Omnia</strong></span> <span class='ocrx_word' id='word_1_23' title='bbox 712 1253 764 1305; x_wconf 85' lang='lat' dir='ltr'><strong>sert</strong></span> <span class='ocrx_word' id='word_1_24' title='bbox 775 1260 848 1315; x_wconf 70' lang='lat' dir='ltr'><strong>nsua,</strong></span> <span class='ocrx_word' id='word_1_25' title='bbox 861 1254 974 1304; x_wconf 82' lang='lat' dir='ltr'><strong>animum</strong></span> <span class='ocrx_word' id='word_1_26' title='bbox 986 1270 1102 1321; x_wconf 83' lang='lat' dir='ltr'><strong>quoqne;</strong></span> <span class='ocrx_word' id='word_1_27' title='bbox 1114 1269 1184 1324; x_wconf 77' lang='lat' dir='ltr'><strong>saepe</strong></span> <span class='ocrx_word' id='word_1_28' title='bbox 1196 1268 1247 1319; x_wconf 75' lang='lat' dir='ltr'><strong>ego</strong></span> <span class='ocrx_word' id='word_1_29' title='bbox 1257 1252 1351 1319; x_wconf 69' lang='lat' dir='ltr'><strong>longos</strong></span> 
     </span>
     <span class='ocr_line' id='line_1_6' title="bbox 605 1336 1248 1409; baseline -0.002 -20"><span class='ocrx_word' id='word_1_30' title='bbox 605 1337 742 1391; x_wconf 76' lang='lat' dir='ltr'><strong>Cantando</strong></span> <span class='ocrx_word' id='word_1_31' title='bbox 753 1355 859 1409; x_wconf 89' lang='lat' dir='ltr'><strong>puerum</strong></span> <span class='ocrx_word' id='word_1_32' title='bbox 870 1337 977 1389; x_wconf 86' lang='lat' dir='ltr'><strong>memini</strong></span> <span class='ocrx_word' id='word_1_33' title='bbox 989 1354 1030 1388; x_wconf 89' lang='lat' dir='ltr'><strong>ma</strong></span> <span class='ocrx_word' id='word_1_34' title='bbox 1042 1336 1153 1389; x_wconf 84' lang='lat' dir='ltr'><strong>condere</strong></span> <span class='ocrx_word' id='word_1_35' title='bbox 1163 1336 1248 1390; x_wconf 68' lang='lat' dir='ltr'><strong>solem</strong></span> 
     </span>
    </p>
   </div>
   <div class='ocr_carea' id='block_1_3' title="bbox 489 1422 1337 1581">
    <p class='ocr_par' dir='ltr' id='par_1_3' title="bbox 489 1422 1337 1581">
     <span class='ocr_line' id='line_1_7' title="bbox 604 1422 1337 1491; baseline -0.003 -16"><span class='ocrx_word' id='word_1_36' title='bbox 604 1424 682 1477; x_wconf 89' lang='lat' dir='ltr'><strong>Nune</strong></span> <span class='ocrx_word' id='word_1_37' title='bbox 693 1423 774 1476; x_wconf 88' lang='lat' dir='ltr'><strong>oblita</strong></span> <span class='ocrx_word' id='word_1_38' title='bbox 785 1423 849 1475; x_wconf 88' lang='lat' dir='ltr'><strong>mihi</strong></span> <span class='ocrx_word' id='word_1_39' title='bbox 861 1428 900 1474; x_wconf 88' lang='lat' dir='ltr'><strong>tot</strong></span> <span class='ocrx_word' id='word_1_40' title='bbox 912 1424 1034 1485; x_wconf 79' lang='lat' dir='ltr'><strong>earmina,</strong></span> <span class='ocrx_word' id='word_1_41' title='bbox 1046 1439 1098 1475; x_wconf 79' lang='lat' dir='ltr'><strong>vox</strong></span> <span class='ocrx_word' id='word_1_42' title='bbox 1107 1439 1209 1491; x_wconf 87' lang='lat' dir='ltr'><strong>quoque</strong></span> <span class='ocrx_word' id='word_1_43' title='bbox 1220 1422 1337 1482; x_wconf 68' lang='lat' dir='ltr'><strong>uicerim,</strong></span> 
     </span>
     <span class='ocr_line' id='line_1_8' title="bbox 489 1510 820 1581; baseline -0.009 -18"><span class='ocrx_word' id='word_1_44' title='bbox 489 1554 493 1563; x_wconf 92' lang='lat'>.</span> <span class='ocrx_word' id='word_1_45' title='bbox 604 1510 664 1562; x_wconf 86' lang='lat' dir='ltr'><strong>Jam</strong></span> <span class='ocrx_word' id='word_1_46' title='bbox 676 1510 743 1577; x_wconf 77' lang='lat' dir='ltr'><strong>fugit</strong></span> <span class='ocrx_word' id='word_1_47' title='bbox 756 1511 820 1581; x_wconf 89' lang='lat' dir='ltr'><strong>ipsa.</strong></span> 
     </span>
    </p>
   </div>
   <div class='ocr_carea' id='block_1_4' title="bbox 496 1642 1452 4463">
    <p class='ocr_par' dir='ltr' id='par_1_4' title="bbox 496 1642 1452 4463">
     <span class='ocr_line' id='line_1_9' title="bbox 500 1642 1449 1731; baseline -0.003 -21"><span class='ocrx_word' id='word_1_48' title='bbox 500 1650 616 1711; x_wconf 86' lang='lat' dir='ltr'><strong>Nonne</strong></span> <span class='ocrx_word' id='word_1_49' title='bbox 638 1670 714 1731; x_wconf 84' lang='lat' dir='ltr'><strong>ergo</strong></span> <span class='ocrx_word' id='word_1_50' title='bbox 728 1668 851 1710; x_wconf 88' lang='lat' dir='ltr'><strong>mecum</strong></span> <span class='ocrx_word' id='word_1_51' title='bbox 866 1646 976 1730; x_wconf 89' lang='lat' dir='ltr'><strong>inique</strong></span> <span class='ocrx_word' id='word_1_52' title='bbox 990 1646 1109 1730; x_wconf 81' lang='lat' dir='ltr'><strong>agitur,</strong></span> <span class='ocrx_word' id='word_1_53' title='bbox 1124 1647 1151 1709; x_wconf 90' lang='lat' dir='ltr'><strong>si</strong></span> <span class='ocrx_word' id='word_1_54' title='bbox 1165 1643 1220 1709; x_wconf 90' lang='lat' dir='ltr'><strong>illa</strong></span> <span class='ocrx_word' id='word_1_55' title='bbox 1230 1642 1383 1730; x_wconf 82' lang='lat' dir='ltr'><strong>juvenilis</strong></span> <span class='ocrx_word' id='word_1_56' title='bbox 1396 1665 1449 1707; x_wconf 84' lang='lat' dir='ltr'><strong>ex-</strong></span> 
     </span>
     <span class='ocr_line' id='line_1_10' title="bbox 499 1744 1450 1832; baseline -0.003 -22"><span class='ocrx_word' id='word_1_57' title='bbox 499 1747 606 1832; x_wconf 84' lang='lat' dir='ltr'><strong>igatur</strong></span> <span class='ocrx_word' id='word_1_58' title='bbox 614 1747 750 1831; x_wconf 77' lang='lat' dir='ltr'><strong>agilitas,</strong></span> <span class='ocrx_word' id='word_1_59' title='bbox 762 1748 787 1812; x_wconf 88' lang='lat' dir='ltr'><strong>si</strong></span> <span class='ocrx_word' id='word_1_60' title='bbox 799 1748 944 1811; x_wconf 82' lang='lat' dir='ltr'><strong>alacritas</strong></span> <span class='ocrx_word' id='word_1_61' title='bbox 955 1745 1107 1810; x_wconf 84' lang='lat' dir='ltr'><strong>ferventis</strong></span> <span class='ocrx_word' id='word_1_62' title='bbox 1115 1744 1244 1831; x_wconf 80' lang='lat' dir='ltr'><strong>ingenii,</strong></span> <span class='ocrx_word' id='word_1_63' title='bbox 1257 1745 1450 1809; x_wconf 78' lang='lat' dir='ltr'><strong>simemorioe</strong></span> 
     </span>
     <span class='ocr_line' id='line_1_11' title="bbox 500 1844 1450 1923; baseline -0.004 -12"><span class='ocrx_word' id='word_1_64' title='bbox 500 1847 579 1911; x_wconf 87' lang='lat' dir='ltr'><strong>fides</strong></span> <span class='ocrx_word' id='word_1_65' title='bbox 601 1848 632 1911; x_wconf 92' lang='lat' dir='ltr'><strong>in</strong></span> <span class='ocrx_word' id='word_1_66' title='bbox 656 1858 744 1913; x_wconf 85' lang='lat' dir='ltr'><strong>tanto</strong></span> <span class='ocrx_word' id='word_1_67' title='bbox 766 1847 909 1912; x_wconf 82' lang='lat' dir='ltr'><strong>tumultu</strong></span> <span class='ocrx_word' id='word_1_68' title='bbox 933 1866 1052 1921; x_wconf 88' lang='lat' dir='ltr'><strong>rerum,</strong></span> <span class='ocrx_word' id='word_1_69' title='bbox 1075 1859 1107 1911; x_wconf 90' lang='lat' dir='ltr'><strong>et</strong></span> <span class='ocrx_word' id='word_1_70' title='bbox 1130 1859 1236 1923; x_wconf 78' lang='lat' dir='ltr'><strong>aetate,</strong></span> <span class='ocrx_word' id='word_1_71' title='bbox 1266 1844 1349 1909; x_wconf 87' lang='lat' dir='ltr'><strong>circa</strong></span> <span class='ocrx_word' id='word_1_72' title='bbox 1370 1848 1450 1908; x_wconf 87' lang='lat' dir='ltr'><strong>seris</strong></span> 
     </span>
     <span class='ocr_line' id='line_1_12' title="bbox 500 1944 1451 2033; baseline -0.004 -22"><span class='ocrx_word' id='word_1_73' title='bbox 500 1947 656 2013; x_wconf 84' lang='lat' dir='ltr'><strong>duntaxat</strong></span> <span class='ocrx_word' id='word_1_74' title='bbox 672 1963 838 2033; x_wconf 84' lang='lat' dir='ltr'><strong>occupate,</strong></span> <span class='ocrx_word' id='word_1_75' title='bbox 851 1948 910 2010; x_wconf 92' lang='lat' dir='ltr'><strong>nisi</strong></span> <span class='ocrx_word' id='word_1_76' title='bbox 921 1961 1082 2033; x_wconf 89' lang='lat' dir='ltr'><strong>quatenus</strong></span> <span class='ocrx_word' id='word_1_77' title='bbox 1092 1960 1149 2012; x_wconf 90' lang='lat' dir='ltr'><strong>aut</strong></span> <span class='ocrx_word' id='word_1_78' title='bbox 1164 1946 1331 2010; x_wconf 85' lang='lat' dir='ltr'><strong>infirmitas</strong></span> <span class='ocrx_word' id='word_1_79' title='bbox 1338 1944 1451 2022; x_wconf 88' lang='lat' dir='ltr'><strong>carnis,</strong></span> 
     </span>
     <span class='ocr_line' id='line_1_13' title="bbox 500 2047 1449 2135; baseline -0.003 -23"><span class='ocrx_word' id='word_1_80' title='bbox 500 2062 557 2112; x_wconf 90' lang='lat' dir='ltr'><strong>aut</strong></span> <span class='ocrx_word' id='word_1_81' title='bbox 573 2048 765 2133; x_wconf 81' lang='lat' dir='ltr'><strong>negligentia</strong></span> <span class='ocrx_word' id='word_1_82' title='bbox 788 2048 920 2135; x_wconf 87' lang='lat' dir='ltr'><strong>spiritus</strong></span> <span class='ocrx_word' id='word_1_83' title='bbox 937 2072 977 2113; x_wconf 85' lang='lat' dir='ltr'><strong>ex</strong></span> <span class='ocrx_word' id='word_1_84' title='bbox 1000 2048 1050 2111; x_wconf 89' lang='lat' dir='ltr'><strong>his</strong></span> <span class='ocrx_word' id='word_1_85' title='bbox 1065 2049 1208 2128; x_wconf 88' lang='lat' dir='ltr'><strong>suborta,</strong></span> <span class='ocrx_word' id='word_1_86' title='bbox 1230 2070 1287 2134; x_wconf 87' lang='lat' dir='ltr'><strong>per</strong></span> <span class='ocrx_word' id='word_1_87' title='bbox 1305 2047 1449 2111; x_wconf 81' lang='lat' dir='ltr'><strong>fomitem</strong></span> 
     </span>
     <span class='ocr_line' id='line_1_14' title="bbox 500 2147 1450 2233; baseline -0.004 -20"><span class='ocrx_word' id='word_1_88' title='bbox 500 2152 634 2233; x_wconf 88' lang='lat' dir='ltr'><strong>peccati,</strong></span> <span class='ocrx_word' id='word_1_89' title='bbox 666 2150 786 2215; x_wconf 85' lang='lat' dir='ltr'><strong>malitia</strong></span> <span class='ocrx_word' id='word_1_90' title='bbox 817 2150 994 2214; x_wconf 85' lang='lat' dir='ltr'><strong>serietatem</strong></span> <span class='ocrx_word' id='word_1_91' title='bbox 1031 2150 1146 2215; x_wconf 88' lang='lat' dir='ltr'><strong>minuit</strong></span> <span class='ocrx_word' id='word_1_92' title='bbox 1176 2162 1233 2214; x_wconf 86' lang='lat' dir='ltr'><strong>aut</strong></span> <span class='ocrx_word' id='word_1_93' title='bbox 1269 2147 1450 2231; x_wconf 81' lang='lat' dir='ltr'><strong>extinguit?</strong></span> 
     </span>
     <span class='ocr_line' id='line_1_15' title="bbox 502 2248 1451 2338; baseline -0.002 -25"><span class='ocrx_word' id='word_1_94' title='bbox 502 2248 625 2335; x_wconf 87' lang='lat' dir='ltr'><strong>Utique</strong></span> <span class='ocrx_word' id='word_1_95' title='bbox 635 2251 716 2314; x_wconf 88' lang='lat' dir='ltr'><strong>sicut</strong></span> <span class='ocrx_word' id='word_1_96' title='bbox 728 2250 840 2325; x_wconf 85' lang='lat' dir='ltr'><strong>virtus,</strong></span> <span class='ocrx_word' id='word_1_97' title='bbox 854 2272 929 2338; x_wconf 76' lang='lat' dir='ltr'><strong>qua</strong></span> <span class='ocrx_word' id='word_1_98' title='bbox 935 2272 1033 2315; x_wconf 88' lang='lat' dir='ltr'><strong>annos</strong></span> <span class='ocrx_word' id='word_1_99' title='bbox 1041 2252 1208 2336; x_wconf 72' lang='lat' dir='ltr'><strong>praevenit,</strong></span> <span class='ocrx_word' id='word_1_100' title='bbox 1214 2252 1259 2315; x_wconf 90' lang='lat' dir='ltr'><strong>sic</strong></span> <span class='ocrx_word' id='word_1_101' title='bbox 1269 2248 1451 2333; x_wconf 63' lang='lat' dir='ltr'><strong>etillaqna</strong></span> 
     </span>
     <span class='ocr_line' id='line_1_16' title="bbox 500 2346 1452 2435; baseline -0.001 -22"><span class='ocrx_word' id='word_1_102' title='bbox 500 2349 680 2413; x_wconf 84' lang='lat' dir='ltr'><strong>deficientes</strong></span> <span class='ocrx_word' id='word_1_103' title='bbox 710 2372 771 2412; x_wconf 89' lang='lat' dir='ltr'><strong>non</strong></span> <span class='ocrx_word' id='word_1_104' title='bbox 795 2350 924 2425; x_wconf 88' lang='lat' dir='ltr'><strong>deserit,</strong></span> <span class='ocrx_word' id='word_1_105' title='bbox 946 2362 1140 2435; x_wconf 85' lang='lat' dir='ltr'><strong>acceptatur.</strong></span> <span class='ocrx_word' id='word_1_106' title='bbox 1186 2348 1347 2434; x_wconf 84' lang='lat' dir='ltr'><strong>Insignem</strong></span> <span class='ocrx_word' id='word_1_107' title='bbox 1376 2346 1452 2412; x_wconf 81' lang='lat' dir='ltr'><strong>fecit</strong></span> 
     </span>
     <span class='ocr_line' id='line_1_17' title="bbox 502 2448 1452 2539; baseline 0.001 -26"><span class='ocrx_word' id='word_1_108' title='bbox 502 2452 672 2517; x_wconf 78' lang='lat' dir='ltr'><strong>Ascanium</strong></span> <span class='ocrx_word' id='word_1_109' title='bbox 689 2454 739 2517; x_wconf 92' lang='lat' dir='ltr'><strong>leo</strong></span> <span class='ocrx_word' id='word_1_110' title='bbox 753 2451 898 2519; x_wconf 88' lang='lat' dir='ltr'><strong>immanis</strong></span> <span class='ocrx_word' id='word_1_111' title='bbox 920 2465 1099 2539; x_wconf 88' lang='lat' dir='ltr'><strong>prostratus</strong></span> <span class='ocrx_word' id='word_1_112' title='bbox 1114 2476 1134 2517; x_wconf 91' lang='lat' dir='ltr'><strong>a</strong></span> <span class='ocrx_word' id='word_1_113' title='bbox 1150 2472 1261 2537; x_wconf 89' lang='lat' dir='ltr'><strong>puero,</strong></span> <span class='ocrx_word' id='word_1_114' title='bbox 1274 2463 1307 2515; x_wconf 88' lang='lat' dir='ltr'><strong>et</strong></span> <span class='ocrx_word' id='word_1_115' title='bbox 1321 2448 1452 2514; x_wconf 84' lang='lat' dir='ltr'><strong>accessit</strong></span> 
     </span>
     <span class='ocr_line' id='line_1_18' title="bbox 501 2551 1452 2640; baseline -0.002 -23"><span class='ocrx_word' id='word_1_116' title='bbox 501 2552 621 2619; x_wconf 86' lang='lat' dir='ltr'><strong>Entelli</strong></span> <span class='ocrx_word' id='word_1_117' title='bbox 637 2553 750 2635; x_wconf 91' lang='lat' dir='ltr'><strong>titulis,</strong></span> <span class='ocrx_word' id='word_1_118' title='bbox 764 2556 896 2619; x_wconf 90' lang='lat' dir='ltr'><strong>emerito</strong></span> <span class='ocrx_word' id='word_1_119' title='bbox 912 2554 976 2617; x_wconf 86' lang='lat' dir='ltr'><strong>seni</strong></span> <span class='ocrx_word' id='word_1_120' title='bbox 992 2554 1107 2618; x_wconf 81' lang='lat' dir='ltr'><strong>cedem</strong></span> <span class='ocrx_word' id='word_1_121' title='bbox 1121 2552 1293 2640; x_wconf 87' lang='lat' dir='ltr'><strong>triumphis</strong></span> <span class='ocrx_word' id='word_1_122' title='bbox 1312 2551 1452 2636; x_wconf 77' lang='lat' dir='ltr'><strong>inclytus</strong></span> 
     </span>
     <span class='ocr_line' id='line_1_19' title="bbox 502 2656 1450 2740; baseline -0.001 -21"><span class='ocrx_word' id='word_1_123' title='bbox 502 2656 624 2721; x_wconf 86' lang='lat' dir='ltr'><strong>Dares:</strong></span> <span class='ocrx_word' id='word_1_124' title='bbox 652 2658 916 2740; x_wconf 78' lang='lat' dir='ltr'><strong>gloriosissimum</strong></span> <span class='ocrx_word' id='word_1_125' title='bbox 945 2660 1032 2719; x_wconf 75' lang='lat' dir='ltr'><strong>mim</strong></span> <span class='ocrx_word' id='word_1_126' title='bbox 1052 2665 1111 2732; x_wconf 83' lang='lat' dir='ltr'><strong>est,</strong></span> <span class='ocrx_word' id='word_1_127' title='bbox 1140 2660 1169 2720; x_wconf 80' lang='lat' dir='ltr'><strong>si</strong></span> <span class='ocrx_word' id='word_1_128' title='bbox 1189 2658 1306 2721; x_wconf 77' lang='lat' dir='ltr'><strong>uirtuti</strong></span> <span class='ocrx_word' id='word_1_129' title='bbox 1328 2663 1450 2719; x_wconf 80' lang='lat' dir='ltr'><strong>natura</strong></span> 
     </span>
     <span class='ocr_line' id='line_1_20' title="bbox 500 2758 1451 2845; baseline -0.004 -20"><span class='ocrx_word' id='word_1_130' title='bbox 500 2760 606 2825; x_wconf 77' lang='lat' dir='ltr'><strong>cedere</strong></span> <span class='ocrx_word' id='word_1_131' title='bbox 636 2761 792 2825; x_wconf 82' lang='lat' dir='ltr'><strong>uideatur.</strong></span> <span class='ocrx_word' id='word_1_132' title='bbox 836 2760 910 2843; x_wconf 84' lang='lat' dir='ltr'><strong>Ego</strong></span> <span class='ocrx_word' id='word_1_133' title='bbox 939 2770 1046 2821; x_wconf 86' lang='lat' dir='ltr'><strong>autem</strong></span> <span class='ocrx_word' id='word_1_134' title='bbox 1064 2758 1132 2845; x_wconf 81' lang='lat' dir='ltr'><strong>jam</strong></span> <span class='ocrx_word' id='word_1_135' title='bbox 1154 2758 1305 2821; x_wconf 86' lang='lat' dir='ltr'><strong>emeritus</strong></span> <span class='ocrx_word' id='word_1_136' title='bbox 1326 2769 1451 2830; x_wconf 86' lang='lat' dir='ltr'><strong>ettam,</strong></span> 
     </span>
     <span class='ocr_line' id='line_1_21' title="bbox 502 2858 1451 2949; baseline -0.004 -24"><span class='ocrx_word' id='word_1_137' title='bbox 502 2864 617 2935; x_wconf 72' lang='lat' dir='ltr'><strong>atatis,</strong></span> <span class='ocrx_word' id='word_1_138' title='bbox 640 2885 736 2948; x_wconf 89' lang='lat' dir='ltr'><strong>quam</strong></span> <span class='ocrx_word' id='word_1_139' title='bbox 761 2859 974 2949; x_wconf 81' lang='lat' dir='ltr'><strong>professionis,</strong></span> <span class='ocrx_word' id='word_1_140' title='bbox 999 2873 1055 2924; x_wconf 87' lang='lat' dir='ltr'><strong>ant</strong></span> <span class='ocrx_word' id='word_1_141' title='bbox 1077 2858 1199 2923; x_wconf 86' lang='lat' dir='ltr'><strong>ordinis</strong></span> <span class='ocrx_word' id='word_1_142' title='bbox 1223 2858 1403 2945; x_wconf 79' lang='lat' dir='ltr'><strong>privilegio,</strong></span> <span class='ocrx_word' id='word_1_143' title='bbox 1424 2858 1451 2921; x_wconf 87' lang='lat' dir='ltr'><strong>si</strong></span> 
     </span>
     <span class='ocr_line' id='line_1_22' title="bbox 496 2956 1450 3049; baseline -0.005 -22"><span class='ocrx_word' id='word_1_144' title='bbox 496 2964 572 3048; x_wconf 85' lang='lat' dir='ltr'><strong>jura</strong></span> <span class='ocrx_word' id='word_1_145' title='bbox 595 2963 813 3049; x_wconf 84' lang='lat' dir='ltr'><strong>procederent,</strong></span> <span class='ocrx_word' id='word_1_146' title='bbox 839 2975 942 3037; x_wconf 89' lang='lat' dir='ltr'><strong>tutus,</strong></span> <span class='ocrx_word' id='word_1_147' title='bbox 968 2959 1205 3046; x_wconf 89' lang='lat' dir='ltr'><strong>quodammodo</strong></span> <span class='ocrx_word' id='word_1_148' title='bbox 1224 2957 1395 3045; x_wconf 81' lang='lat' dir='ltr'><strong>protrahor</strong></span> <span class='ocrx_word' id='word_1_149' title='bbox 1409 2956 1450 3022; x_wconf 86' lang='lat' dir='ltr'><strong>nd</strong></span> 
     </span>
     <span class='ocr_line' id='line_1_23' title="bbox 501 3060 1449 3146; baseline -0.003 -21"><span class='ocrx_word' id='word_1_150' title='bbox 501 3082 639 3141; x_wconf 84' lang='lat' dir='ltr'><strong>arenam,</strong></span> <span class='ocrx_word' id='word_1_151' title='bbox 671 3076 703 3126; x_wconf 89' lang='lat' dir='ltr'><strong>et</strong></span> <span class='ocrx_word' id='word_1_152' title='bbox 738 3064 861 3127; x_wconf 84' lang='lat' dir='ltr'><strong>deserta</strong></span> <span class='ocrx_word' id='word_1_153' title='bbox 896 3074 927 3125; x_wconf 88' lang='lat' dir='ltr'><strong>et</strong></span> <span class='ocrx_word' id='word_1_154' title='bbox 969 3060 1101 3125; x_wconf 88' lang='lat' dir='ltr'><strong>desueta</strong></span> <span class='ocrx_word' id='word_1_155' title='bbox 1135 3083 1231 3146; x_wconf 83' lang='lat' dir='ltr'><strong>cogor</strong></span> <span class='ocrx_word' id='word_1_156' title='bbox 1270 3062 1449 3124; x_wconf 87' lang='lat' dir='ltr'><strong>instaurare</strong></span> 
     </span>
     <span class='ocr_line' id='line_1_24' title="bbox 501 3161 1449 3247; baseline 0.001 -24"><span class='ocrx_word' id='word_1_157' title='bbox 501 3162 681 3225; x_wconf 86' lang='lat' dir='ltr'><strong>certamina.</strong></span> <span class='ocrx_word' id='word_1_158' title='bbox 727 3164 877 3225; x_wconf 90' lang='lat' dir='ltr'><strong>Conditio</strong></span> <span class='ocrx_word' id='word_1_159' title='bbox 897 3164 979 3227; x_wconf 86' lang='lat' dir='ltr'><strong>dura</strong></span> <span class='ocrx_word' id='word_1_160' title='bbox 1000 3173 1032 3225; x_wconf 89' lang='lat' dir='ltr'><strong>et</strong></span> <span class='ocrx_word' id='word_1_161' title='bbox 1053 3162 1122 3227; x_wconf 91' lang='lat' dir='ltr'><strong>dira</strong></span> <span class='ocrx_word' id='word_1_162' title='bbox 1146 3161 1225 3225; x_wconf 88' lang='lat' dir='ltr'><strong>mihi</strong></span> <span class='ocrx_word' id='word_1_163' title='bbox 1246 3163 1449 3247; x_wconf 84' lang='lat' dir='ltr'><strong>proponitur,</strong></span> 
     </span>
     <span class='ocr_line' id='line_1_25' title="bbox 502 3260 1447 3348; baseline 0.003 -26"><span class='ocrx_word' id='word_1_164' title='bbox 502 3272 539 3322; x_wconf 91' lang='lat' dir='ltr'><strong>ut</strong></span> <span class='ocrx_word' id='word_1_165' title='bbox 553 3271 607 3324; x_wconf 87' lang='lat' dir='ltr'><strong>aut</strong></span> <span class='ocrx_word' id='word_1_166' title='bbox 623 3260 803 3325; x_wconf 85' lang='lat' dir='ltr'><strong>conflictum</strong></span> <span class='ocrx_word' id='word_1_167' title='bbox 818 3260 932 3338; x_wconf 87' lang='lat' dir='ltr'><strong>ineam,</strong></span> <span class='ocrx_word' id='word_1_168' title='bbox 947 3261 1035 3348; x_wconf 92' lang='lat' dir='ltr'><strong>quod</strong></span> <span class='ocrx_word' id='word_1_169' title='bbox 1051 3285 1113 3327; x_wconf 91' lang='lat' dir='ltr'><strong>uon</strong></span> <span class='ocrx_word' id='word_1_170' title='bbox 1129 3261 1271 3348; x_wconf 87' lang='lat' dir='ltr'><strong>expedit,</strong></span> <span class='ocrx_word' id='word_1_171' title='bbox 1282 3274 1351 3335; x_wconf 87' lang='lat' dir='ltr'><strong>aut,</strong></span> <span class='ocrx_word' id='word_1_172' title='bbox 1361 3260 1447 3346; x_wconf 92' lang='lat' dir='ltr'><strong>quod</strong></span> 
     </span>
     <span class='ocr_line' id='line_1_26' title="bbox 501 3362 1451 3449; baseline 0 -24"><span class='ocrx_word' id='word_1_173' title='bbox 501 3363 629 3426; x_wconf 91' lang='lat' dir='ltr'><strong>omnino</strong></span> <span class='ocrx_word' id='word_1_174' title='bbox 639 3362 847 3448; x_wconf 88' lang='lat' dir='ltr'><strong>perniciosum</strong></span> <span class='ocrx_word' id='word_1_175' title='bbox 860 3380 919 3439; x_wconf 88' lang='lat' dir='ltr'><strong>est,</strong></span> <span class='ocrx_word' id='word_1_176' title='bbox 932 3364 1036 3429; x_wconf 86' lang='lat' dir='ltr'><strong>victus</strong></span> <span class='ocrx_word' id='word_1_177' title='bbox 1049 3365 1254 3441; x_wconf 81' lang='lat' dir='ltr'><strong>confessione,</strong></span> <span class='ocrx_word' id='word_1_178' title='bbox 1264 3362 1353 3449; x_wconf 87' lang='lat' dir='ltr'><strong>turpi</strong></span> <span class='ocrx_word' id='word_1_179' title='bbox 1364 3383 1451 3426; x_wconf 89' lang='lat' dir='ltr'><strong>men-</strong></span> 
     </span>
     <span class='ocr_line' id='line_1_27' title="bbox 502 3461 1448 3552; baseline -0.003 -23"><span class='ocrx_word' id='word_1_180' title='bbox 502 3461 593 3529; x_wconf 88' lang='lat' dir='ltr'><strong>dacio</strong></span> <span class='ocrx_word' id='word_1_181' title='bbox 617 3464 827 3551; x_wconf 86' lang='lat' dir='ltr'><strong>adquiescam.</strong></span> <span class='ocrx_word' id='word_1_182' title='bbox 873 3466 1121 3552; x_wconf 86' lang='lat' dir='ltr'><strong>Turpitudinem</strong></span> <span class='ocrx_word' id='word_1_183' title='bbox 1142 3466 1252 3552; x_wconf 81' lang='lat' dir='ltr'><strong>itaque</strong></span> <span class='ocrx_word' id='word_1_184' title='bbox 1277 3464 1377 3530; x_wconf 88' lang='lat' dir='ltr'><strong>malui</strong></span> <span class='ocrx_word' id='word_1_185' title='bbox 1394 3462 1448 3527; x_wconf 90' lang='lat' dir='ltr'><strong>de·</strong></span> 
     </span>
     <span class='ocr_line' id='line_1_28' title="bbox 501 3565 1449 3655; baseline 0 -26"><span class='ocrx_word' id='word_1_186' title='bbox 501 3565 631 3630; x_wconf 88' lang='lat' dir='ltr'><strong>clinare:</strong></span> <span class='ocrx_word' id='word_1_187' title='bbox 655 3566 706 3630; x_wconf 91' lang='lat' dir='ltr'><strong>cui</strong></span> <span class='ocrx_word' id='word_1_188' title='bbox 721 3582 778 3632; x_wconf 85' lang='lat' dir='ltr'><strong>aut</strong></span> <span class='ocrx_word' id='word_1_189' title='bbox 796 3567 866 3645; x_wconf 83' lang='lat' dir='ltr'><strong>soli,</strong></span> <span class='ocrx_word' id='word_1_190' title='bbox 880 3581 937 3633; x_wconf 91' lang='lat' dir='ltr'><strong>aut</strong></span> <span class='ocrx_word' id='word_1_191' title='bbox 951 3591 1019 3654; x_wconf 81' lang='lat' dir='ltr'><strong>prae</strong></span> <span class='ocrx_word' id='word_1_192' title='bbox 1040 3574 1172 3643; x_wconf 85' lang='lat' dir='ltr'><strong>caeteris,</strong></span> <span class='ocrx_word' id='word_1_193' title='bbox 1195 3567 1449 3655; x_wconf 84' lang='lat' dir='ltr'><strong>philosophantis</strong></span> 
     </span>
     <span class='ocr_line' id='line_1_29' title="bbox 501 3668 1448 3759; baseline 0.001 -27"><span class='ocrx_word' id='word_1_194' title='bbox 501 3669 698 3756; x_wconf 90' lang='lat' dir='ltr'><strong>propositum</strong></span> <span class='ocrx_word' id='word_1_195' title='bbox 709 3670 905 3737; x_wconf 77' lang='lat' dir='ltr'><strong>adversatur.</strong></span> <span class='ocrx_word' id='word_1_196' title='bbox 943 3668 1448 3759; x_wconf 86' lang='lat' dir='ltr'><strong>thuiapropriisnonabuudo,</strong></span> 
     </span>
     <span class='ocr_line' id='line_1_30' title="bbox 501 3769 1448 3856; baseline -0.004 -22"><span class='ocrx_word' id='word_1_197' title='bbox 501 3769 670 3835; x_wconf 86' lang='lat' dir='ltr'><strong>amicorum</strong></span> <span class='ocrx_word' id='word_1_198' title='bbox 697 3773 836 3834; x_wconf 89' lang='lat' dir='ltr'><strong>omnium</strong></span> <span class='ocrx_word' id='word_1_199' title='bbox 862 3770 979 3856; x_wconf 85' lang='lat' dir='ltr'><strong>jaculis</strong></span> <span class='ocrx_word' id='word_1_200' title='bbox 1000 3769 1217 3835; x_wconf 85' lang='lat' dir='ltr'><strong>indifferenter</strong></span> <span class='ocrx_word' id='word_1_201' title='bbox 1247 3782 1329 3834; x_wconf 90' lang='lat' dir='ltr'><strong>utor.</strong></span> <span class='ocrx_word' id='word_1_202' title='bbox 1375 3769 1448 3833; x_wconf 91' lang='lat' dir='ltr'><strong>Non</strong></span> 
     </span>
     <span class='ocr_line' id='line_1_31' title="bbox 501 3866 1447 3954; baseline 0.002 -22"><span class='ocrx_word' id='word_1_203' title='bbox 501 3870 1309 3947; x_wconf 86' lang='lat' dir='ltr'><strong>enim‚m0recoeetaneorumnostrorum,domestica</strong></span> <span class='ocrx_word' id='word_1_204' title='bbox 1319 3866 1447 3954; x_wconf 77' lang='lat' dir='ltr'><strong>negligo</strong></span> 
     </span>
     <span class='ocr_line' id='line_1_32' title="bbox 499 3968 1447 4057; baseline -0.002 -24"><span class='ocrx_word' id='word_1_205' title='bbox 499 3970 719 4047; x_wconf 87' lang='lat' dir='ltr'><strong>instrumenta,</strong></span> <span class='ocrx_word' id='word_1_206' title='bbox 751 3971 805 4035; x_wconf 89' lang='lat' dir='ltr'><strong>sed</strong></span> <span class='ocrx_word' id='word_1_207' title='bbox 834 3994 871 4035; x_wconf 90' lang='lat' dir='ltr'><strong>ea</strong></span> <span class='ocrx_word' id='word_1_208' title='bbox 900 3985 991 4036; x_wconf 90' lang='lat' dir='ltr'><strong>tanto</strong></span> <span class='ocrx_word' id='word_1_209' title='bbox 1016 3970 1202 4037; x_wconf 81' lang='lat' dir='ltr'><strong>familiarius</strong></span> <span class='ocrx_word' id='word_1_210' title='bbox 1230 3968 1447 4057; x_wconf 86' lang='lat' dir='ltr'><strong>apprehendo,</strong></span> 
     </span>
     <span class='ocr_line' id='line_1_33' title="bbox 500 4071 1448 4159; baseline -0.006 -21"><span class='ocrx_word' id='word_1_211' title='bbox 500 4088 622 4159; x_wconf 85' lang='lat' dir='ltr'><strong>quanto</strong></span> <span class='ocrx_word' id='word_1_212' title='bbox 633 4096 670 4137; x_wconf 89' lang='lat' dir='ltr'><strong>ea</strong></span> <span class='ocrx_word' id='word_1_213' title='bbox 680 4074 797 4139; x_wconf 88' lang='lat' dir='ltr'><strong>certius</strong></span> <span class='ocrx_word' id='word_1_214' title='bbox 808 4074 957 4137; x_wconf 78' lang='lat' dir='ltr'><strong>noviense</strong></span> <span class='ocrx_word' id='word_1_215' title='bbox 968 4072 1110 4139; x_wconf 84' lang='lat' dir='ltr'><strong>fidelium</strong></span> <span class='ocrx_word' id='word_1_216' title='bbox 1122 4096 1256 4139; x_wconf 88' lang='lat' dir='ltr'><strong>munera</strong></span> <span class='ocrx_word' id='word_1_217' title='bbox 1265 4071 1448 4137; x_wconf 86' lang='lat' dir='ltr'><strong>amicorum.</strong></span> 
     </span>
     <span class='ocr_line' id='line_1_34' title="bbox 504 4175 1448 4261; baseline -0.005 -22"><span class='ocrx_word' id='word_1_218' title='bbox 504 4176 624 4241; x_wconf 86' lang='lat' dir='ltr'><strong>Rerum</strong></span> <span class='ocrx_word' id='word_1_219' title='bbox 637 4176 718 4239; x_wconf 90' lang='lat' dir='ltr'><strong>enim</strong></span> <span class='ocrx_word' id='word_1_220' title='bbox 728 4177 841 4239; x_wconf 86' lang='lat' dir='ltr'><strong>veritas</strong></span> <span class='ocrx_word' id='word_1_221' title='bbox 855 4190 1018 4259; x_wconf 81' lang='lat' dir='ltr'><strong>permanet</strong></span> <span class='ocrx_word' id='word_1_222' title='bbox 1027 4175 1223 4261; x_wconf 89' lang='lat' dir='ltr'><strong>incorrupta,</strong></span> <span class='ocrx_word' id='word_1_223' title='bbox 1231 4197 1287 4239; x_wconf 91' lang='lat' dir='ltr'><strong>nec</strong></span> <span class='ocrx_word' id='word_1_224' title='bbox 1296 4192 1448 4258; x_wconf 89' lang='lat' dir='ltr'><strong>unquam,</strong></span> 
     </span>
     <span class='ocr_line' id='line_1_35' title="bbox 501 4276 1448 4366; baseline -0.01 -23"><span class='ocrx_word' id='word_1_225' title='bbox 501 4280 587 4366; x_wconf 90' lang='lat' dir='ltr'><strong>quod</strong></span> <span class='ocrx_word' id='word_1_226' title='bbox 610 4280 641 4343; x_wconf 90' lang='lat' dir='ltr'><strong>in</strong></span> <span class='ocrx_word' id='word_1_227' title='bbox 658 4302 689 4343; x_wconf 90' lang='lat' dir='ltr'><strong>se</strong></span> <span class='ocrx_word' id='word_1_228' title='bbox 705 4302 812 4343; x_wconf 90' lang='lat' dir='ltr'><strong>verum</strong></span> <span class='ocrx_word' id='word_1_229' title='bbox 829 4294 888 4353; x_wconf 89' lang='lat' dir='ltr'><strong>est,</strong></span> <span class='ocrx_word' id='word_1_230' title='bbox 911 4277 1113 4342; x_wconf 85' lang='lat' dir='ltr'><strong>attestatione</strong></span> <span class='ocrx_word' id='word_1_231' title='bbox 1128 4282 1202 4342; x_wconf 84' lang='lat' dir='ltr'><strong>novi</strong></span> <span class='ocrx_word' id='word_1_232' title='bbox 1218 4276 1359 4342; x_wconf 73' lang='lat' dir='ltr'><strong>tumoris</strong></span> <span class='ocrx_word' id='word_1_233' title='bbox 1378 4295 1448 4337; x_wconf 86' lang='lat' dir='ltr'><strong>eva·</strong></span> 
     </span>
     <span class='ocr_line' id='line_1_36' title="bbox 501 4379 1448 4463; baseline -0.008 -17"><span class='ocrx_word' id='word_1_234' title='bbox 501 4386 609 4447; x_wconf 88' lang='lat' dir='ltr'><strong>nescit.</strong></span> <span class='ocrx_word' id='word_1_235' title='bbox 655 4382 735 4455; x_wconf 88' lang='lat' dir='ltr'><strong>Quis</strong></span> <span class='ocrx_word' id='word_1_236' title='bbox 749 4396 867 4458; x_wconf 87' lang='lat' dir='ltr'><strong>autem,</strong></span> <span class='ocrx_word' id='word_1_237' title='bbox 884 4381 943 4444; x_wconf 87' lang='lat' dir='ltr'><strong>nisi</strong></span> <span class='ocrx_word' id='word_1_238' title='bbox 959 4380 1111 4455; x_wconf 85' lang='lat' dir='ltr'><strong>insulsus,</strong></span> <span class='ocrx_word' id='word_1_239' title='bbox 1125 4393 1183 4445; x_wconf 86' lang='lat' dir='ltr'><strong>aut</strong></span> <span class='ocrx_word' id='word_1_240' title='bbox 1199 4379 1357 4463; x_wconf 83' lang='lat' dir='ltr'><strong>ingratus,</strong></span> <span class='ocrx_word' id='word_1_241' title='bbox 1378 4396 1448 4461; x_wconf 87' lang='lat' dir='ltr'><strong>pro·</strong></span> 
     </span>
    </p>
   </div>
   <div class='ocr_carea' id='block_1_5' title="bbox 0 0 1818 5317">
    <p class='ocr_par' dir='ltr' id='par_1_5' title="bbox 0 0 1818 5317">
     <span class='ocr_line' id='line_1_37' title="bbox 0 0 1818 5317; baseline 0 0"><span class='ocrx_word' id='word_1_242' title='bbox 0 0 1818 5317; x_wconf 95' lang='lat' dir='ltr'><strong> </strong></span> 
     </span>
    </p>
   </div>
  </div>
 </body>
</html>
