3625 5317
428 756 561 835 crau]
790 775 1034 823 na'rtuootcus.
1340 766 1382 825 29

427 926 567 1011 ponitur,
582 927 827 1013 comparationis
840 927 962 1012 gradus
980 941 1178 992 excrescunt.
1223 928 1383 1005 Quemad-

425 1028 554 1092 modum
567 1027 599 1091 in
612 1052 660 1104 eo,
671 1030 728 1115 qui
740 1028 877 1094 disertus
892 1028 1022 1106 dicitur,
1034 1043 1091 1095 aut
1105 1028 1264 1107 disertior,
1279 1054 1382 1117 quum

424 1128 581 1214 positivus
593 1130 756 1213 sapientiae
765 1152 889 1194 sensum
901 1130 1028 1211 habeat,
1037 1145 1070 1195 et
1079 1130 1268 1217 eloquentiae
1280 1154 1382 1218 quan-

423 1249 491 1295 tum
508 1230 661 1296 excrescit
675 1233 880 1318 comparatio,
901 1246 1026 1297 tantum
1048 1232 1198 1297 decrescit
1217 1233 1382 1319 sapientia,

424 1345 457 1396 et
486 1332 606 1419 eloquii
637 1332 755 1398 fluvius
784 1334 959 1399 invalescit.
1014 1334 1066 1400 Sic
1102 1334 1184 1399 enirn
1220 1335 1382 1399 nonnullis

423 1435 638 1519 grammaticis
652 1436 784 1522 placuit.
822 1437 889 1503 Sed
904 1435 979 1502 licet
995 1438 1113 1523 aliquae
1127 1440 1245 1503 artium
1260 1437 1382 1503 contiu-

423 1537 580 1621 gentium,
612 1550 646 1601 ct
675 1538 858 1602 docentium
890 1544 1054 1614 virtutem,
1085 1538 1204 1625 eloquii
1234 1552 1382 1603 naturam

423 1637 593 1721 attingant,
610 1637 665 1700 illa
679 1652 783 1702 tamen
806 1660 881 1723 quoe
896 1639 936 1701 ad
952 1638 1106 1724 placitum
1128 1636 1192 1702 iere
1213 1652 1274 1712 est,
1290 1652 1383 1704 natu·

425 1738 534 1801 raliter
556 1738 629 1802 sciri
648 1758 710 1801 non
732 1750 846 1821 potest,
867 1738 946 1824 quia
965 1762 1022 1802 nec
1045 1738 1200 1802 naturalis
1221 1750 1290 1802 est:
1320 1762 1384 1804 non

425 1851 473 1904 est
494 1839 577 1903 enirn
600 1839 709 1903 eadem
732 1839 819 1926 apud
840 1862 959 1905 omues.
1003 1838 1160 1918 Quocirca
1178 1839 1213 1905 id
1227 1839 1314 1926 quod
1335 1852 1383 1906 est

427 1941 547 2006 homini
563 1945 723 2029 praecipue
745 1942 902 2021 debitum,
917 1941 1140 2027 imprudenter
1162 1942 1229 2007 siue
1245 1943 1383 2007 hominis

425 2044 576 2109 beneficio
596 2059 744 2109 anatura
765 2045 925 2132 exigitur:
953 2057 987 2110 at
1002 2044 1072 2110 haeo
1092 2044 1218 2122 domus,
1234 2067 1297 2109 non
1318 2046 1384 2109 elo·

424 2145 586 2231 quentiam
603 2145 799 2223 criminatur,
816 2170 890 2233 quae
912 2148 1062 2228 omuibus
1075 2148 1250 2212 necessaria
1273 2161 1333 2226 est,
1348 2161 1381 2213 et

424 2248 665 2315 commendatur
675 2249 716 2313 ab
731 2250 891 2327 omnibus,
903 2250 960 2316 sed
975 2264 1059 2315 artes
1070 2273 1138 2314 eam
1153 2249 1382 2336 pollicentium,

425 2352 533 2436 arguit
555 2374 622 2415 ease
644 2351 781 2418 inutiles.
828 2356 879 2418 Eo
902 2352 1011 2439 itaque
1033 2352 1189 2439 opinionis
1210 2352 1310 2438 vergit
1335 2352 1383 2416 iu·

405 2455 535 2527 -teutio,
560 2466 596 2518 ut
624 2477 685 2519 non
714 2477 823 2520 omnes
849 2469 956 2521 mutos
980 2456 1089 2534 saciat,
1113 2456 1200 2543 quod
1227 2480 1285 2521 nec
1311 2455 1380 2519 lieri

425 2568 539 2641 potest,
560 2579 618 2620 nec
640 2556 781 2644 expedit,
804 2557 858 2623 sed
884 2572 920 2624 ut
938 2559 979 2623 de
997 2559 1101 2623 medio
1120 2559 1255 2644 logicam
1277 2558 1379 2623 tollat.

425 2660 485 2722 Est
494 2660 576 2725 euim
589 2660 698 2737 fallax,
712 2672 742 2723 et
755 2675 792 2725 ut
806 2661 851 2726 ait
864 2662 1017 2747 professio
1032 2662 1250 2736 verbosorum,
1262 2675 1294 2726 et
1304 2682 1380 2744 quae

424 2759 597 2825 multorum
618 2764 813 2847 consumpsit
835 2762 973 2847 ingenia,
989 2777 1020 2828 et
1041 2786 1103 2827 non
1126 2763 1221 2826 modo
1239 2762 1381 2848 philoso-

423 2863 508 2949 phiae
534 2864 648 2928 studiis
671 2862 834 2949 praeciusit
858 2866 955 2945 viam,
978 2865 1031 2929 sed
1059 2864 1207 2949 gerendis
1231 2863 1381 2928 omnibus

423 2966 591 3042 rationem,
606 2979 639 3029 et
654 2964 776 3029 exitum
792 2965 980 3031 interclusit.

425 3131 505 3216 Cap.
526 3134 573 3194 lt).
598 3132 685 3204 Quid
697 3132 857 3215 significet
873 3152 988 3197 noman
1002 3134 1125 3215 logiam,
1138 3142 1169 3197 et
1182 3134 1269 3216 quod
1281 3153 1382 3200 omnes

592 3242 678 3298 artes
691 3234 841 3310 colendos,
858 3237 926 3300 nisi
939 3238 1117 3320 reprobotae
1130 3239 1205 3301 sint.

466 3372 559 3436 Ecca
590 3369 745 3457 propositi
775 3368 901 3455 planior
929 3383 978 3435 est
1010 3370 1156 3451 intentio,
1184 3385 1216 3435 et
1246 3369 1379 3456 logicam

422 3472 610 3558 aggreditur
620 3494 819 3557 expugnare,
830 3495 905 3559 quaa
916 3472 1017 3536 omnis
1028 3472 1238 3559 philosophia
1253 3472 1380 3538 semitas

421 3573 491 3659 pari
505 3572 613 3637 furore
627 3574 841 3660 persequitur.
885 3577 1114 3638 Verumtamen
1130 3573 1172 3637 ab
1186 3572 1295 3661 aliqua
1309 3574 1380 3639 sue-

422 3686 471 3737 rat
489 3672 713 3739 inchoaudum.
760 3674 853 3738 illam
873 3674 982 3761 itaque
997 3674 1141 3760 praeferri
1160 3673 1292 3761 placuit,
1306 3697 1380 3760 quas

422 3776 543 3841 caeteris
565 3776 679 3853 notior,
702 3790 734 3841 et
757 3776 832 3839 huic
854 3775 966 3840 haeresi
992 3775 1176 3842 familiarior
1197 3775 1377 3842 videbatur.

423 3877 677 3962 congrediamur
690 3898 779 3960 ergo,
789 3888 822 3940 et
837 3875 919 3962 quid
933 3890 1100 3941 censeatur
1114 3880 1241 3941 nomine
1256 3877 1379 3963 logicas,

422 3978 603 4062 proferatur
617 3978 650 4042 in
666 3977 817 4044 medium.
853 3980 914 4043 Est
929 3978 1041 4065 itaque
1050 3980 1166 4064 logica,
1179 3980 1227 4057 (ut
1243 3979 1379 4043 nominis

422 4078 610 4162 significatio
626 4078 779 4143 latissime
801 4081 922 4165 pateat)
946 4078 1114 4167 loquendi,
1130 4080 1181 4143 vel
1204 4079 1378 4145 disserendi

424 4178 515 4243 ratio.
560 4179 770 4245 Contrahitur
784 4180 868 4244 enim
883 4180 1058 4258 interdum,
1074 4193 1107 4246 et
1122 4180 1279 4245 duntaxat
1295 4180 1379 4244 circa

422 4280 597 4346 disserendi
612 4282 760 4362 rationes,
775 4282 822 4347 vis
841 4280 979 4347 nominis
996 4292 1184 4347 coarctatur.
1231 4280 1305 4343 Sive
1319 4278 1378 4344 ita·

422 4407 485 4470 que
505 4382 713 4449 ratiocinandi
730 4382 796 4448 vias
812 4383 936 4462 doceat,
951 4382 1016 4446 sive
1037 4382 1181 4445 omnium
1199 4400 1377 4447 sermonum
