3625 5317
617 777 693 822 vrrs
708 775 825 822 ssucm
839 777 969 822 ruens
985 777 1149 823 cmroaa.
1294 767 1371 824 868-

404 929 600 994 conditionis
615 950 674 992 nec
691 930 796 994 oneris
812 930 861 993 sui
876 930 1043 993 immemor
1056 941 1134 1011 erat,
1146 933 1202 1016 qui
1219 931 1361 1016 quotidie

403 1030 480 1094 hinc
496 1052 555 1114 pro
570 1029 692 1095 domiui
713 1031 761 1094 sui
780 1032 864 1114 regis
885 1032 988 1094 salute
1008 1040 1042 1095 et
1060 1032 1192 1112 honore,
1206 1032 1282 1097 inde
1301 1054 1360 1117 pro

403 1133 595 1196 necessitate
611 1132 756 1195 ecclesias
772 1143 804 1196 et
817 1132 1076 1215 provincialium,
1092 1145 1157 1199 tam
1181 1147 1293 1199 contra
1311 1157 1362 1198 re-

404 1254 478 1315 gem
498 1234 605 1316 ipsum
629 1255 724 1318 qnam
751 1243 864 1298 contra
888 1234 1039 1298 inimicos
1061 1236 1143 1320 ejus,
1165 1236 1360 1301 contendere

405 1336 579 1417 cogebatur
593 1344 626 1398 et
640 1335 734 1399 variis
750 1336 871 1400 artibus
886 1336 990 1398 varios
1009 1337 1139 1401 eludere
1155 1337 1254 1402 dolos.
1295 1337 1362 1402 Sed

404 1437 468 1502 hoc
482 1435 644 1522 praecipuo
659 1439 852 1521 perurgebat
863 1436 952 1521 quod
960 1436 1179 1503 indesinenter
1193 1441 1362 1523 oportebat

405 1559 637 1621 compugnare
653 1537 694 1602 ad
710 1537 829 1602 bestias
852 1537 959 1614 curiae,
982 1547 1015 1600 et
1035 1538 1123 1602 velut
1138 1560 1212 1603 cum
1233 1541 1359 1618 Proteo,

405 1651 441 1704 ut
462 1639 527 1704 dici
548 1641 639 1717 solet,
659 1640 821 1722 negotium
845 1659 965 1719 gerere,
986 1649 1019 1702 et
1040 1641 1133 1721 quasi
1154 1642 1189 1704 in
1211 1643 1360 1724 palestra

404 1741 585 1807 exercitari.
632 1741 716 1804 Nam
739 1741 802 1804 sere
829 1738 871 1804 ad
897 1761 1024 1804 omnem
1052 1761 1174 1821 auram,
1195 1743 1259 1806 nisi
1285 1764 1359 1806 eum

404 1844 507 1927 gratia
522 1853 555 1909 et
569 1842 726 1906 industria
745 1853 979 1919 conservarent,
993 1842 1085 1906 ruina
1099 1855 1133 1907 et
1147 1843 1361 1927 precipitium

406 1945 624 2010 imminebant

449 2041 602 2122 Fungens
616 2051 721 2104 autem
742 2040 926 2106 cancellarii
947 2041 1054 2105 officio
1074 2043 1109 2105 in
1130 2043 1251 2126 palatio
1265 2044 1361 2126 regis,

406 2149 528 2204 tantam
543 2139 576 2202 in
592 2139 696 2204 oculis
709 2141 811 2225 ipsius
831 2139 957 2204 invenit
977 2143 1121 2222 gratiam,
1135 2153 1172 2206 ut
1191 2165 1265 2207 eum
1286 2156 1362 2227 post

406 2237 574 2303 decessum
590 2240 712 2324 praesati
733 2239 975 2304 cantuariensis
994 2240 1231 2326 archiepiscopi
1248 2243 1363 2326 primae

406 2341 641 2408 Britanniamm
678 2340 749 2406 sedi
783 2340 905 2425 praefici
939 2354 1132 2425 procuraret,
1161 2364 1227 2428 quo
1260 2353 1360 2409 totam

407 2441 531 2507 facilius
547 2442 716 2507 ecelesiam
730 2453 853 2524 regeret
867 2441 1090 2524 Anglicanam.

449 2546 490 2608 In
505 2545 613 2610 multis
628 2545 712 2610 enim
728 2555 880 2628 expertus
896 2545 1190 2625 magnanimitatem
1209 2546 1311 2629 ipsius
1329 2557 1362 2612 et

405 2645 514 2725 iidem,
528 2657 617 2711 tanto
633 2667 760 2730 quoque
776 2646 904 2726 fastigio
920 2646 1003 2707 bene
1024 2646 1238 2708 sufficientem
1259 2646 1361 2710 credi·

407 2746 466 2826 dit,
487 2755 519 2808 et
545 2744 588 2808 ad
611 2765 684 2807 suas
710 2744 864 2806 utilitates
887 2742 983 2804 facile
1009 2742 1242 2821 inclinandum,
1262 2755 1295 2808 ct
1318 2746 1361 2809 ad

405 2857 518 2910 nutum
533 2845 636 2929 ipsius
649 2844 683 2907 iu
698 2844 835 2925 negotiis
854 2841 1081 2907 ecclesiasticis
1101 2851 1135 2907 et
1154 2846 1363 2911 saecularibus

405 2946 553 3010 universa
567 2957 746 3029 gesturum:
770 2945 797 3007 si
812 2965 887 3007 vero
902 2943 974 3007 dies
994 2965 1069 3007 suos
1088 2965 1176 3009 mors
1194 2944 1362 3012 immatura

405 3047 602 3132 praecideret,
617 3046 799 3110 haeredibus
814 3045 879 3109 suis
894 3054 1031 3109 tutorem
1046 3044 1267 3112 fidelissimum
1288 3070 1363 3133 pro·

406 3149 547 3216 ridebat.
591 3151 649 3214 Vir
663 3149 750 3214 onim
770 3147 1075 3232 experientissimus,
1090 3155 1123 3211 et
1143 3148 1226 3212 bene
1248 3150 1362 3217 solitus

407 3251 577 3336 plusquam
591 3251 685 3314 facile
700 3250 767 3314 dici
781 3259 890 3333 posset
904 3249 1011 3313 futura
1029 3248 1145 3328 metiri,
1159 3259 1257 3316 tantm
1277 3273 1362 3317 curas

407 3353 586 3436 pericnlum
608 3353 684 3418 satis
706 3361 800 3417 acute
825 3351 1025 3436 ponderavit,
1047 3362 1158 3436 utpote
1184 3354 1240 3437 qni
1264 3355 1362 3438 longo

406 3472 468 3518 usu
494 3451 660 3528 didicerat,
683 3450 762 3536 quid
785 3450 878 3516 sedes
904 3452 961 3515 illa
983 3450 1118 3516 haberet
1143 3454 1261 3533 oneris,
1284 3457 1362 3540 quid

406 3553 547 3619 honoris.
592 3555 733 3618 Noverat
758 3553 854 3616 etiam
879 3572 986 3616 mores
1009 3552 1094 3634 regis
1119 3564 1151 3615 et
1176 3555 1362 3636 officialium

407 3655 477 3740 ejus
501 3657 739 3740 improbitatem
765 3666 797 3720 et
825 3652 1045 3738 pertinaciam,
1073 3662 1108 3717 et
1132 3653 1165 3715 in
1192 3653 1282 3716 curia
1306 3655 1362 3720 illa

408 3777 505 3840 quam
531 3757 648 3822 efficax
671 3766 755 3822 esset
780 3755 959 3820 delatorum
988 3751 1119 3816 malitia.
1163 3754 1219 3818 Ex
1245 3756 1363 3839 quibus

408 3855 610 3920 veracissime
632 3858 803 3941 colligebat
823 3854 921 3941 quod,
937 3855 964 3918 si
984 3855 1129 3919 oblatum
1148 3856 1271 3920 subiret
1292 3858 1364 3921 offi«

408 3956 504 4034 cium,
524 3955 590 4020 Dei
610 3957 743 4039 gratiam
765 3959 941 4022 amissurus
963 3969 1047 4021 esset
1069 3970 1124 4022 aut
1146 3958 1239 4040 regis.
1284 3959 1363 4022 Non

408 4057 494 4122 euim
510 4057 582 4123 Deo
597 4057 759 4124 adhaerere
773 4069 900 4143 poterat
909 4059 1004 4141 regiis
1015 4060 1157 4124 moribus
1172 4060 1364 4143 obsequens,

410 4171 465 4224 aut
479 4181 586 4244 regem
606 4181 671 4224 non
689 4160 808 4224 habere
829 4161 1007 4240 inimicum,
1024 4161 1055 4225 ei
1078 4171 1261 4224 sanctornm
1282 4181 1363 4245 prae.

408 4260 514 4326 ferens
528 4263 624 4345 leges.

452 4361 567 4448 Itaque
589 4364 776 4447 aliquandiu
792 4365 859 4446 regi
874 4374 907 4458 st
922 4364 992 4428 eliis
1007 4385 1079 4430 eum
1101 4383 1287 4447 promovere
1308 4385 1374 4446 vos,
