3625 5317
492 730 555 796 284
753 746 890 793 romnus
907 745 1184 792 sacrosantcum
1261 730 1368 806 [sacr.
1384 749 1442 795 vn.

494 896 679 965 naturaliter
701 908 877 969 moventur.
924 900 988 966 Hic
1006 895 1105 983 igitur
1124 908 1231 965 motus
1244 923 1265 966 a
1279 899 1445 966 Mercurio

495 1010 609 1069 natura
624 998 753 1079 dicitur,
765 1024 785 1068 a
796 1000 927 1065 Platone
939 1000 1058 1066 Anima
1074 1000 1203 1080 Mundi,
1217 1026 1237 1066 a
1250 1001 1444 1089 quibusdam

491 1101 606 1177 latum,
621 1123 640 1165 a
655 1100 811 1186 theologis
824 1100 935 1167 divina
945 1100 1112 1188 dispositio
1127 1103 1317 1189 appellatur.
1356 1103 1446 1169 Aris·

491 1202 602 1277 toteleo
615 1225 747 1291 quoquo
760 1202 838 1271 dicit
853 1204 942 1290 quod
958 1206 1090 1273 materia
1109 1206 1229 1273 dicitur
1249 1206 1444 1292 passibilitas

489 1320 520 1375 ct
536 1306 687 1373 ccmntia.
724 1304 874 1373 carentia
889 1305 976 1376 ideo:
993 1307 1072 1393 quia
1089 1307 1122 1371 in
1136 1330 1171 1375 re
1184 1308 1344 1390 informis,
1355 1332 1396 1375 ex
1412 1332 1445 1375 ac

488 1420 574 1475 caret
589 1404 709 1475 formis.
740 1405 948 1482 Possibilitas,
961 1405 992 1470 id
1008 1420 1055 1473 eat
1070 1420 1147 1495 apta
1160 1407 1299 1494 recipere
1314 1410 1443 1475 lormaa.

489 1508 541 1583 Et
558 1508 769 1595 possibilitate
787 1509 968 1593 generarint
991 1531 1029 1574 ea
1042 1509 1183 1576 carentia
1195 1509 1379 1597 corruptio:
1402 1534 1443 1580 ex

488 1610 701 1697 possibilitate
712 1610 790 1689 vita,
798 1632 838 1675 ex
850 1610 992 1677 carentia
1005 1609 1163 1677 interitus.
1197 1612 1355 1687 Quintum
1367 1635 1445 1679 vero

487 1732 593 1783 mrum
624 1710 815 1797 principium
842 1710 1023 1779 Mercurius
1048 1713 1185 1780 Hermes
1210 1734 1254 1778 stc
1278 1712 1445 1795 describit,

489 1818 499 1851 ‘
517 1815 584 1885 latx
599 1826 757 1883 cattorum
772 1824 822 1879 cat
844 1834 938 1899 aequa
951 1826 984 1878 ct
998 1826 1155 1900 perpetua
1169 1827 1315 1879 motuum
1329 1837 1442 1881 corum
1459 1874 1464 1881 .

487 1912 750 2002 dispariumque
764 1913 878 1982 mundi
894 1915 1070 1981 machinam
1086 1916 1182 1984 efficit
1197 1916 1442 1995 attonderetur,

487 2038 545 2103 per
566 2038 663 2102 quam
687 2016 826 2085 mundus
848 2030 880 2086 et
903 2017 1064 2084 mundans
1085 2017 1172 2085 nulla
1193 2017 1367 2094 coactione,
1385 2018 1441 2085 aad

486 2118 602 2205 beniga
612 2119 761 2189 amicitiae
771 2140 849 2205 paca
859 2132 1026 2204 reguntur.
1048 2120 1094 2185 Et
1105 2142 1205 2204 quum
1219 2118 1268 2185 lex
1280 2133 1440 2189 astrorum

484 2218 644 2309 duplicem
667 2222 782 2291 hebeat
804 2220 1074 2305 significationem,
1096 2220 1271 2293 secundum
1293 2221 1438 2301 alteram,

485 2336 590 2394 motus
604 2322 711 2393 omnia
724 2344 854 2388 morans
874 2322 1005 2403 dicitur,
1018 2322 1193 2391 monadum
1212 2322 1348 2393 alterum
1369 2326 1437 2394 cicc

485 2433 575 2491 motu
597 2436 704 2490 motus
725 2422 830 2489 omnia
853 2444 982 2491 morans
1004 2423 1173 2492 scribitur:
1203 2424 1267 2488 Hic
1288 2438 1395 2493 mutua
1417 2449 1437 2493 a

485 2520 641 2609 theologia
655 2522 763 2593 divina
774 2522 941 2609 dispositio
954 2522 1147 2610 appellatur,
1158 2524 1215 2610 qui
1227 2548 1350 2595 summa
1360 2551 1437 2614 paca

486 2624 643 2703 universa,
656 2648 780 2697 summa
795 2625 1027 2713 tranquillitate
1042 2625 1178 2711 ringula,
1191 2649 1316 2695 summa
1330 2629 1437 2715 quieta

484 2724 640 2811 qualitiva
660 2726 855 2795 moderatur.
908 2725 997 2793 ldem
1018 2748 1150 2819 quoquc
1172 2740 1319 2796 naturam
1342 2753 1438 2814 quar.

484 2842 553 2899 tum
573 2828 754 2914 [describit]
774 2826 892 2901 scilicet
911 2850 1017 2893 rerum
1033 2828 1225 2915 principium
1240 2829 1295 2909 sic,
1311 2835 1436 2907 Natura

482 2944 529 3000 est
554 2934 645 3018 vigor
667 2932 797 3020 quidam
821 2931 1006 2999 universalis
1025 2944 1058 2998 et
1078 2932 1264 3016 spiritualia,
1279 2958 1320 3003 ex
1339 2958 1435 3006 causa

482 3048 514 3103 et
537 3036 658 3104 rationo
684 3057 824 3113 nasoem,
848 3035 986 3123 primum
1008 3032 1091 3104 coelo
1115 3034 1289 3116 innascens,
1310 3037 1344 3106 io
1367 3040 1438 3111 uni.

483 3138 580 3207 versia
594 3148 627 3206 et
641 3137 775 3220 cingulis
789 3138 1057 3223 quadripartitos,
1069 3135 1274 3222 qualificatus
1286 3153 1321 3208 ct
1334 3164 1436 3227 quao-

482 3238 631 3316 tilicatua,
654 3238 836 3305 differentes
856 3239 1027 3324 qualitates
1049 3238 1222 3305 successiva
1243 3239 1434 3310 diffundens.

483 3344 563 3407 Item
587 3338 670 3407 idom
692 3338 736 3407 cic
758 3340 935 3415 mundumr
958 3355 1085 3407 sextum
1109 3363 1214 3407 rerum
1231 3341 1435 3428 principium,

483 3441 630 3509 Mundus
649 3455 697 3509 cst
720 3452 843 3511 naturae
863 3455 970 3508 motus
988 3442 1187 3520 orbicularis,
1202 3466 1343 3524 concors,
1364 3445 1434 3514 uni.

479 3538 618 3619 versalia,
629 3540 848 3627 temporarius,
859 3540 978 3619 localis,
987 3545 1132 3612 exterius
1142 3542 1222 3607 nihil
1237 3542 1432 3629 relinquens,

478 3643 613 3713 interius
638 3658 782 3717 centrata
808 3643 917 3730 quiete
942 3643 1220 3730 proportionaliter
1246 3644 1433 3722 consistent,

479 3759 690 3827 repugnantes
705 3768 810 3815 rerum
831 3745 1005 3832 qualitates
1022 3745 1185 3830 sunzugiis
1203 3746 1433 3831 constringens.

479 3846 657 3931 Septimum
681 3847 821 3933 itemque
843 3847 1035 3934 principium
1059 3847 1121 3911 sic:
1147 3848 1302 3915 Machina
1320 3847 1433 3913 mundi

477 3959 525 4019 eat
537 3966 666 4016 concors
677 3961 708 4021 ct
721 3948 905 4021 moderatus
918 3962 1062 4016 motuum
1072 3948 1303 4016 contrariorum
1316 3962 1432 4025 motus.

478 4048 534 4135 qui
549 4048 704 4116 mundum
720 4064 751 4115 et
773 4051 935 4121 mundana
957 4052 1169 4136 paragorizat,
1185 4050 1218 4115 id
1240 4062 1289 4116 est
1304 4055 1435 4129 mulcet,

478 4151 602 4219 vivifico
615 4149 729 4229 calore,
744 4144 899 4239 temperat
921 4152 1088 4236 qualitate,
1103 4152 1220 4222 format
1241 4154 1433 4239 quontitate.

481 4247 532 4321 Sic
544 4248 643 4334 igitur
654 4269 757 4321 rerum
771 4248 972 4326 universitas,
981 4249 1013 4314 id
1025 4264 1073 4316 eat
1086 4251 1204 4329 omnia,
1214 4264 1291 4321 sunt
1301 4251 1334 4317 in
1346 4266 1437 4322 eter-

480 4350 589 4429 nitate,
606 4352 637 4416 id
653 4365 701 4417 est
716 4350 748 4418 in
767 4354 835 4417 Dco
851 4350 1105 4431 immutabiliter,
1120 4354 1226 4420 omnia
1241 4354 1272 4417 in
1290 4354 1433 4430 materia,
