3625 5317
684 765 761 810 vrrs
776 763 896 810 ssac'rr
912 763 1071 808 susacim.
1287 753 1352 812 835

400 917 575 1002 complevit
581 938 590 992 ς
610 915 699 998 quod
715 915 782 978 Cur
793 917 884 980 Deus
898 917 995 980 homo
1006 914 1192 980 intitulatur.
1231 917 1352 982 Incoiae

398 1032 506 1086 autem
523 1017 583 1081 vici
600 1017 799 1080 vexabantur
813 1038 906 1101 aquae
923 1018 1067 1100 penaria,
1081 1038 1120 1079 eo
1136 1017 1224 1100 quod
1237 1017 1353 1088 fontes,

399 1121 490 1203 putei
505 1129 537 1182 et
551 1119 698 1182 cistemae
714 1117 779 1182 sere
802 1119 933 1180 omnino
955 1118 1088 1182 deerant
1106 1118 1180 1181 illis.
1226 1119 1353 1182 Unicus

399 1235 507 1286 autem
529 1231 646 1302 puteus
666 1219 713 1282 eis
733 1219 768 1282 iu
789 1218 973 1282 devexitate
996 1219 1115 1282 montis
1135 1219 1354 1296 subveniebat,

400 1323 535 1386 tenuiter
556 1319 700 1405 quidem,
722 1319 874 1403 quoniam
898 1320 1013 1383 diebus
1034 1320 1171 1401 siugulis
1192 1332 1266 1384 ante
1288 1320 1355 1384 diei

398 1424 511 1488 horam
540 1443 657 1484 nonam
681 1421 761 1484 adeo
788 1421 1048 1494 exhauriebatur,
1070 1433 1107 1483 ut
1129 1421 1212 1484 nihil
1234 1421 1353 1486 exinde

400 1525 550 1608 usquein
567 1525 698 1587 alterum
715 1521 801 1586 diem
822 1522 1015 1586 ministraret
1033 1521 1184 1585 humoris.
1229 1523 1354 1606 Explo-

401 1645 476 1688 raus
504 1635 609 1688 autem
641 1623 820 1686 monachus
849 1621 962 1706 quiin
989 1641 1029 1684 eo
1052 1631 1188 1704 preerat
1212 1623 1355 1708 suscepti

401 1725 537 1808 hospitis
560 1724 762 1788 sanctitatem
785 1743 827 1786 ex
850 1723 1029 1806 perspicuis
1051 1722 1164 1804 siguis,
1178 1723 1353 1787 incommo-

399 1825 533 1890 ditatem
556 1825 704 1908 exponit,
718 1837 787 1887 orat
808 1843 915 1907 opem,
929 1832 963 1886 et
983 1824 1018 1886 in
1041 1824 1209 1888 cacumine
1224 1824 1354 1902 montis,

401 1927 491 2010 quod
511 1946 637 1992 summa
656 1924 849 2008 desipientia
863 1923 1040 2001 videbatur,
1059 1944 1174 2006 aquam
1189 1922 1270 1988 dicit
1281 1945 1354 1988 esse

402 2028 617 2112 querendam.
673 2025 799 2090 Laudat
829 2025 1001 2088 Anselmus
1029 2024 1118 2106 pium
1150 2024 1353 2088 desideriam.

403 2129 547 2212 Rogatus
568 2149 644 2210 ergo
659 2127 841 2201 Anselmus,
857 2137 893 2188 ut
912 2126 1021 2188 iocum
1040 2125 1147 2206 eligat,
1161 2137 1276 2188 terram
1291 2125 1355 2208 pri·

403 2251 475 2294 mus
490 2231 620 2314 aperiat,
635 2239 668 2292 et
682 2249 797 2311 aquam
814 2228 919 2290 viram
934 2237 1081 2290 exorata
1096 2227 1248 2291 Domino.
1285 2227 1357 2306 lile,

404 2333 492 2396 velut
514 2331 666 2396 Clemens
687 2331 777 2408 alter,
792 2349 912 2392 morem
936 2349 1050 2410 gerens
1071 2328 1205 2413 hospiti,
1227 2329 1356 2411 petitio·

403 2454 477 2496 nem
493 2432 624 2514 implet3
646 2443 678 2494 et
691 2431 724 2494 in
741 2431 831 2494 brevi
847 2430 984 2494 salubris
998 2441 1032 2494 et
1040 2430 1129 2514 jugis
1143 2451 1237 2514 aquae
1252 2432 1355 2495 abun-

404 2532 485 2596 dans
507 2532 637 2596 inrenta
658 2541 707 2594 est
732 2553 823 2596 vena
870 2529 969 2607 Nam,
990 2532 1075 2596 sicut
1099 2532 1215 2596 incoioe
1241 2532 1356 2607 serunt,

403 2633 544 2698 adversis
555 2633 793 2696 infirmitatibus
805 2654 888 2715 aqua
904 2634 938 2696 in
954 2643 1066 2714 potum
1077 2632 1193 2695 hausta
1206 2641 1358 2696 curantur

402 2734 511 2816 aegroti
523 2755 532 2808 3
554 2744 589 2794 et
609 2751 710 2813 usque
732 2733 766 2794 in
788 2731 979 2794 hodiernum
1004 2729 1088 2792 diem
1111 2730 1354 2794 cantuariensis

403 2831 637 2913 archiepiscopi
659 2841 776 2912 puteus
798 2830 863 2907 ille,
879 2829 936 2912 qui
958 2829 1138 2893 uberrimus
1160 2841 1193 2893 et
1213 2830 1355 2893 minima

403 2929 630 3016 profunditatis
656 2941 715 3006 est,
740 2931 929 3014 appellatur.
975 2930 1038 2992 His
1068 2929 1183 2994 diebus
1212 2930 1357 3012 Rogems

404 3031 473 3094 dux
502 3031 641 3113 Apuliae,
666 3029 813 3112 Capuam
843 3028 1007 3105 obsidens,
1029 3028 1073 3094 ad
1101 3049 1135 3092 se
1162 3031 1264 3093 virum
1293 3031 1357 3094 Dei

405 3129 512 3192 venire
536 3129 622 3194 facit.
669 3129 772 3201 Quem
795 3148 870 3190 crim
893 3149 1019 3192 summo
1041 3128 1162 3192 honore
1188 3129 1358 3212 recipiens,

405 3228 436 3292 ei
447 3230 480 3292 in
493 3230 618 3312 capella
635 3227 773 3311 quadam
789 3225 993 3291 commodum
1003 3228 1143 3292 officinm
1155 3229 1357 3313 procurabat,

404 3343 441 3392 ut
455 3351 498 3392 ex
512 3330 688 3393 remotione
709 3329 870 3392 exercitus
885 3350 949 3391 non
967 3330 1101 3394 haberet
1121 3332 1300 3408 tumultum,
1314 3351 1358 3394 cx

405 3426 675 3512 vicinisquotidie
698 3428 817 3509 saepius
840 3448 948 3491 secum
971 3429 1104 3493 haberet
1117 3429 1244 3493 ducem.
1290 3429 1359 3493 Ubi

406 3550 506 3613 quum
521 3527 658 3611 quadam
675 3539 770 3592 nocte
791 3529 917 3591 oaeteris
931 3529 1173 3610 quiescentibus
1186 3530 1359 3593 Anselmus

405 3629 618 3712 egrederetur,
628 3630 661 3692 in
674 3641 809 3694 ueterem
827 3629 995 3692 cisternam
1011 3630 1118 3693 multae
1130 3628 1357 3712 profunditatis

405 3729 534 3810 cecidit,
556 3731 741 3815 cadensque
762 3732 913 3796 clamavit
934 3731 1058 3808 diceus,
1078 3731 1202 3794 Sancto
1225 3731 1357 3796 Marini

406 3836 617 3896 Accurrentes
647 3833 726 3896 socii
756 3847 878 3917 patrem
903 3831 1013 3897 rident
1042 3833 1077 3895 in
1106 3833 1265 3916 protimdo
1294 3833 1358 3898 iere

404 3932 643 4009 exanimatum
681 3931 738 3995 sed
768 3933 838 4016 ipse
868 3934 962 4014 signo
992 3931 1067 3996 dato
1095 3933 1221 3998 indicat
1249 3955 1283 3998 se
1312 3934 1359 3998 nil

403 4033 545 4099 ioesionis
560 4054 631 4097 esse
646 4053 845 4114 perpessum,
856 4045 888 4096 et
897 4033 1030 4097 omuino
1044 4033 1358 4104 incolumiseductus

405 4149 465 4200 est.
509 4135 608 4198 Venit
629 4134 685 4198 illo
709 4135 861 4198 Urbanus
886 4135 1054 4200 Romanus
1078 4136 1240 4220 pontifex,
1269 4148 1303 4202 et
1322 4138 1357 4204 in

405 4237 534 4300 civitate
548 4232 760 4319 hospitiorum
776 4233 856 4299 adeo
866 4235 975 4319 juncti
990 4247 1075 4313 sunt,
1091 4246 1127 4300 ut
1141 4237 1204 4302 sere
1221 4238 1357 4322 quicun-

405 4359 467 4421 que
483 4336 660 4401 accedebat
675 4336 716 4404 ad
730 4337 910 4416 Urbanum,
921 4336 1090 4402 diverteret
1103 4336 1145 4402 ad
1158 4340 1355 4404 AnseImum.
