3625 5317
485 786 529 846 80
735 796 874 843 roauurs
887 796 1170 842 saansoamaxsrs
1301 778 1386 854 [mn.
1404 797 1441 843 11.

486 948 611 1037 cipliooe
633 960 806 1035 expertem,
827 964 859 1015 et
880 947 937 1035 qui
959 938 1033 1034 plus
1054 945 1191 1035 pectoris
1212 946 1321 1025 habet,
1342 969 1441 1031 quam

485 1051 562 1129 oria,
584 1047 659 1137 plus
682 1048 832 1125 scientiae,
855 1069 952 1136 qnam
976 1047 1147 1123 facundiae,
1164 1046 1319 1127 ieritatis,
1340 1069 1441 1135 quam

488 1150 807 1229 vanitatiu'virtntis,
830 1174 927 1239 quam
946 1150 1178 1226 ostentationis,
1194 1162 1324 1215 secutus
1345 1172 1438 1214 snm:

485 1266 518 1317 et
534 1274 609 1339 qua
629 1252 670 1317 ab
689 1250 759 1317 aliis
778 1252 954 1329 audieram,
970 1251 1011 1317 ab
1025 1274 1064 1317 eo
1084 1263 1201 1316 cuncta
1218 1247 1329 1334 relegi,
1343 1264 1376 1313 et
1391 1248 1440 1313 in·

486 1353 598 1417 audita
623 1351 783 1439 quoedam,
808 1351 848 1416 ad
873 1350 1077 1439 quadrivium
1100 1348 1305 1437 pertinentia,
1324 1350 1358 1412 in
1374 1368 1441 1435 quo

486 1453 690 1540 aliquatenus
705 1452 919 1518 Teutonicum
938 1450 1169 1538 praeaudieram
1196 1450 1441 1530 Hardesrinum,

485 1554 595 1621 didici.
638 1553 751 1639 Relegi
766 1575 897 1641 qnoque
913 1553 1131 1629 Rhetoricam,
1146 1574 1243 1639 quam
1259 1551 1349 1637 prius
1363 1574 1438 1616 cum

486 1655 680 1744 quibusdam
695 1653 799 1721 allisa
814 1655 967 1740 magistro
982 1652 1186 1719 Tbeodorico
1201 1651 1339 1718 tenuiter
1349 1651 1443 1717 audi·

488 1770 565 1836 tam,
576 1756 744 1845 paululum
761 1756 989 1843 intelligebam.
1018 1754 1082 1821 Sed
1097 1776 1167 1817 eam
1182 1764 1296 1839 postea
1309 1775 1331 1818 a
1343 1754 1442 1817 Petro

489 1856 839 1946 Heliapleninsaccepi.
856 1852 1144 1943 thuianobilium
1155 1850 1442 1939 liberosquimihi,

488 1960 662 2026 amicorum
672 1972 704 2025 et
713 1972 921 2045 cognatorum
936 1959 1065 2024 auxiliis
1079 1957 1247 2034 destituto,
1256 1956 1443 2043 paupertati

488 2084 567 2127 meae
582 2060 752 2126 solaciaute
763 2061 847 2138 Deo,
859 2059 1010 2125 alimenta
1018 2060 1226 2147 prestabant,
1235 2059 1442 2124 instruendos

490 2182 700 2250 susceperam,
709 2183 748 2228 ex
757 2162 943 2228 necessitate
956 2162 1063 2241 officii,
1072 2175 1106 2227 et
1119 2160 1271 2227 instantia
1280 2161 1443 2248 juvenum

489 2266 628 2352 urgebar
667 2264 754 2350 quod
785 2264 960 2341 audieram,
998 2267 1040 2330 ad
1073 2266 1257 2329 memoriam
1297 2264 1442 2329 crebrius

489 2390 648 2433 revocare.
694 2367 790 2432 Unde
816 2367 858 2431 ad
884 2368 1074 2454 magistrum
1098 2367 1215 2447 Adam,
1246 2364 1442 2432 accutissimi

489 2470 593 2534 virum
619 2470 749 2555 ingenii,
773 2483 806 2535 et
831 2470 987 2557 quicquid
1012 2468 1066 2534 alii
1091 2469 1240 2546 sentiant,
1265 2467 1442 2534 multarum

488 2572 661 2650 literarum,
691 2572 748 2660 qui
778 2570 940 2639 Aristoteli
973 2595 1041 2659 proe
1070 2572 1194 2637 coeteris
1225 2571 1443 2652 incumbebat,

488 2671 735 2740 familiaritatem
763 2673 908 2739 contraxi
940 2672 1143 2739 ulteriorem:
1180 2685 1229 2750 ut,
1262 2671 1337 2737 licet
1366 2695 1441 2737 enm

489 2774 650 2841 doctorem
664 2798 727 2842 non
742 2774 921 2855 habuerim,
937 2774 1014 2840 mihi
1029 2796 1088 2839 aua
1106 2774 1244 2858 benigno
1263 2775 1442 2839 communi·

487 2891 583 2957 caret,
596 2892 628 2945 et
643 2903 688 2957 se,
701 2878 788 2966 quod
803 2890 860 2943 aut
872 2877 953 2941 nulli
964 2876 1112 2957 iaciebat,
1123 2888 1181 2941 aut
1193 2874 1303 2962 paucis
1318 2875 1440 2953 alienis,

488 2979 566 3045 mihi
589 2981 752 3068 patentius
773 2980 966 3066 exponebat.
1012 2981 1195 3044 Putabatur
1215 2978 1301 3042 enim
1320 2976 1443 3044 invidia

489 3079 643 3147 laborare.
690 3081 823 3146 Interim
858 3078 1055 3147 Willermum
1088 3077 1356 3159 Suessionensem,
1384 3079 1442 3172 qui

489 3182 529 3247 ad
546 3180 804 3269 expugnandam,
822 3196 858 3246 ut
874 3183 964 3248 aiunt
980 3183 1044 3260 sni,
1058 3181 1170 3266 logicae
1192 3191 1395 3260 vetustatem,
1410 3194 1443 3247 et

488 3286 729 3369 consequentias
738 3282 1445 3371 inopinabilesoonstruendas,etantiquorum

490 3384 661 3451 sententias
689 3383 873 3465 diruendas,
907 3384 1087 3450 machinam
1122 3385 1326 3473 postmodum
1355 3385 1444 3468 iecit,

487 3488 591 3579 prima
615 3486 750 3575 Logioes
769 3486 866 3552 doctri
887 3488 1055 3568 elementa,
1077 3502 1111 3555 et
1132 3491 1261 3555 tandem
1271 3491 1339 3577 jam
1355 3490 1444 3556 dicto

489 3591 679 3679 preceptori
702 3590 846 3677 apposui.
893 3590 943 3655 lbi
965 3591 1049 3657 forte
1070 3592 1183 3659 didicit
1205 3593 1291 3659 idem
1313 3616 1382 3658 esse
1402 3616 1444 3658 ex

488 3691 738 3759 contradictione
746 3714 848 3778 quum
858 3692 1045 3759 Aristoteles
1055 3694 1262 3782 obloquatur,
1272 3694 1444 3781 quiaidem

488 3817 590 3883 quum
606 3794 658 3875 ait,
678 3806 710 3859 et
725 3816 786 3859 non
811 3795 862 3877 sit,
878 3816 941 3859 nou
963 3817 1087 3861 necesse
1101 3811 1150 3863 est
1165 3797 1249 3863 idem
1271 3821 1349 3863 esse.
1396 3800 1442 3863 Et

488 3898 564 3962 item
576 3916 677 3983 quum
688 3895 810 3983 aliquid
822 3897 874 3975 sit,
885 3918 948 3961 non
960 3919 1085 3962 necesse
1093 3911 1142 3963 est
1151 3897 1235 3963 idem
1245 3922 1324 3977 esse,
1336 3915 1369 3964 et
1380 3920 1443 3963 non

487 4020 564 4064 esse.
608 4000 706 4062 Nihil
725 4000 810 4064 euim
832 4022 871 4065 ex
894 3999 1146 4065 contradictione
1175 4001 1292 4082 evenit,
1313 4013 1347 4067 et
1368 4023 1445 4067 con·

488 4096 707 4165 tradictiooem
723 4098 918 4187 impossibile
931 4112 1030 4165 estex
1046 4099 1156 4187 aliquo
1166 4104 1301 4166 evenire.
1347 4100 1443 4168 Unde

486 4225 544 4268 nec
559 4204 651 4268 amici
668 4201 813 4266 machina
823 4200 1006 4289 impellente
1018 4202 1125 4288 urgeri
1140 4204 1245 4290 potui,
1262 4215 1298 4268 ut
1313 4202 1440 4268 credam

487 4328 527 4369 ex
558 4326 622 4370 uno
656 4302 843 4390 impossibili
880 4302 987 4367 omnia
1020 4303 1231 4390 impossibilia
1265 4305 1444 4391 provenire.

490 4406 713 4471 Extraxernnt
729 4404 861 4471 mehinc
877 4405 924 4469 rei
936 4403 1269 4492 familiarisanguatia,
1285 4404 1450 4471 sociorum
