3625 5317
405 772 476 817 cae.
492 755 561 834 xa]
648 766 657 783 ·
769 770 1010 817 uarxnocrcus.
1313 760 1352 817 41

405 936 510 987 turam
540 920 725 1008 hujusmodi
759 926 892 987 animus
925 923 1128 987 obsurdescit.
1188 922 1251 988 Sed
1281 923 1355 1008 quia

405 1022 536 1086 auditus
568 1036 653 1087 recte
687 1022 846 1087 examinat
875 1045 924 1102 ea,
953 1022 994 1085 ad
1029 1046 1103 1108 quae
1132 1022 1250 1087 surdus
1279 1027 1355 1089 est?

405 1122 519 1185 Nonne
542 1144 605 1185 vox
627 1122 709 1209 lassa
731 1136 791 1200 est,
814 1124 942 1209 quaein
965 1142 1076 1186 aurem
1097 1121 1227 1186 surdam
1250 1122 1354 1187 effun-

403 1222 515 1287 ditur?
555 1224 637 1301 Quia
659 1246 736 1309 ergo
759 1224 952 1301 intellectus,
975 1225 1056 1290 sicut
1079 1228 1202 1289 onimce
1223 1247 1354 1305 monus,

403 1324 445 1389 im
468 1325 705 1411 quodammodo
726 1325 813 1389 auris
834 1338 899 1389 est:
929 1324 1009 1389 nibil
1031 1326 1160 1391 omnino
1181 1326 1222 1391 ad
1245 1350 1355 1392 vocem

402 1426 560 1512 concepit,
587 1430 684 1508 cujus
712 1430 759 1491 rei
788 1426 1032 1513 intelligentiam
1061 1428 1245 1493 absurditas
1272 1450 1355 1513 praa·

400 1526 506 1593 clusit.
552 1531 707 1593 Attamen
727 1529 903 1593 absurdum
927 1530 1090 1594 interdum
1105 1529 1246 1605 ducitur,
1261 1533 1354 1616 cujus

402 1642 462 1705 est,
489 1652 549 1713 pro
578 1639 726 1713 tempore,
752 1630 890 1695 insolens
915 1644 948 1695 et
972 1632 1158 1717 infrequens
1183 1654 1271 1708 usus,
1297 1655 1354 1697 nec

404 1745 511 1796 tamen
533 1755 767 1818 usquequaque
788 1733 964 1797 absurdum
985 1746 1051 1797 est:
1075 1734 1157 1797 sicut
1175 1737 1355 1799 mulierla-

393 1836 518 1918 sormr'a
528 1836 608 1896 male
618 1833 749 1917 quidem
759 1834 907 1911 formata,
917 1855 980 1897 non
993 1847 1098 1898 tamen
1107 1835 1236 1897 omnino
1246 1856 1355 1900 carens

403 1934 520 1999 forma:
544 1948 575 1998 et
596 1935 678 1999 sicut
701 1934 731 1999 in
753 1933 864 2014 literis,
885 1934 1032 2021 quaedam
1056 1946 1166 2015 mutae,
1186 1958 1248 1999 non
1268 1936 1354 2023 quod

403 2037 534 2101 omnino
557 2035 646 2113 nihil,
671 2035 725 2100 sed
748 2036 837 2123 quod
860 2035 994 2101 aliarum
1018 2049 1164 2123 respectu
1187 2038 1353 2103 minimum

402 2148 523 2203 sonent.
570 2139 652 2203 Haec
677 2152 784 2203 autern
811 2136 958 2223 adjectio,
982 2139 1111 2223 penitus
1139 2138 1267 2224 quidem
1297 2139 1354 2204 ab·

402 2240 499 2306 surda
521 2255 580 2315 est,
596 2262 660 2305 non
685 2241 787 2306 solum
810 2240 901 2319 salso,
918 2253 975 2305 aut
996 2242 1079 2306 male
1100 2264 1214 2305 sonans
1228 2242 1260 2306 in
1275 2265 1352 2307 aure

403 2342 560 2407 audientis
577 2340 668 2422 (salsa
682 2344 765 2407 enim
783 2364 845 2405 uon
862 2341 968 2405 omnia
986 2342 1125 2408 absurda
1139 2350 1226 2427 sunt)
1241 2343 1301 2408 etsi
1315 2367 1353 2408 ea

404 2444 469 2508 veri
484 2444 681 2509 examinator
698 2445 856 2530 reprobet,
873 2458 905 2509 et
926 2444 1069 2528 repellat.
1112 2446 1262 2510 Absurde
1276 2468 1352 2528 quc·

401 2569 462 2630 que
487 2550 643 2613 dicuntur
668 2552 799 2631 singula
824 2549 1028 2631 prejudicio
1051 2547 1252 2624 facultatum,
1279 2570 1352 2634 quoe

403 2649 560 2714 dictorum
576 2651 773 2715 factorumve
794 2650 983 2736 qualitatem
998 2651 1190 2715 examinant.
1236 2653 1352 2715 Gram-

401 2753 517 2817 matica
543 2754 627 2816 enim
655 2752 827 2817 absurdam
854 2752 952 2815 habet
974 2752 1237 2837 incompetentem
1257 2753 1352 2837 junc-

402 2865 507 2917 turam
531 2852 725 2917 dictionum:
750 2852 804 2915 sed
826 2851 866 2915 ad
889 2852 1092 2915 examinandi
1112 2851 1177 2914 veri
1194 2851 1351 2936 judicium

401 2976 465 3017 non
490 2956 620 3039 aspirat.
668 2956 794 3029 Ceasar,
819 2952 851 3015 in
880 2952 963 3033 libro
989 2951 1030 3015 de
1055 2951 1211 3035 analogia,
1238 2952 1353 3016 Gram-

400 3051 538 3115 maticus
562 3050 690 3137 quidem
717 3063 776 3127 est,
803 3061 835 3113 et
860 3051 1048 3114 meandum
1075 3072 1142 3115 csse
1166 3052 1353 3129 denuntiat,

402 3153 556 3235 quicquid
579 3154 726 3216 auditori
746 3154 855 3234 perito
872 3158 979 3234 potest
999 3171 1066 3216 aare
1090 3155 1284 3219 eberardum:
1315 3165 1354 3220 ut

400 3262 524 3333 nauto,
539 3251 655 3340 inquit,
675 3257 843 3337 scopulum
853 3256 1014 3337 sugium,
1029 3258 1076 3319 sic
1084 3256 1285 3341 satqieadum
1305 3267 1352 3325 eat

399 3360 587 3441 infrequens
602 3363 698 3439 atqua
712 3359 852 3421 insolens
865 3357 1006 3421 verbum.
1046 3356 1220 3422 Dialectica
1231 3373 1352 3440 autem,

399 3458 433 3521 id
449 3456 619 3523 dumtaxat
631 3470 785 3543 acceptat,
799 3458 888 3542 quod
904 3476 1014 3521 rarum
1029 3470 1088 3537 est,
1098 3471 1155 3523 aut
1170 3459 1349 3535 verisimile,

400 3571 432 3623 et
447 3558 602 3646 quicquid
619 3559 659 3623 ab
683 3558 732 3623 his
746 3558 874 3644 longius
896 3556 1039 3633 dissidet,
1055 3558 1144 3623 ducit
1164 3559 1349 3628 absurdum.

401 3664 516 3745 Neque
531 3664 614 3725 enim
631 3660 719 3725 utilis
734 3673 791 3724 aut
811 3660 935 3724 honesti
955 3659 1049 3723 finem
1065 3660 1221 3725 attendit:
1248 3667 1352 3730 civilia

400 3771 507 3827 nutem
522 3766 656 3828 scientia
673 3766 770 3826 utilia
785 3762 846 3827 iata
861 3761 1004 3836 metitur,
1018 3775 1226 3849 versaturque
1240 3764 1272 3828 in
1288 3765 1351 3829 fine

397 3863 489 3948 justi,
503 3878 561 3929 aut
576 3864 713 3929 honesti:
738 3877 770 3929 et
783 3886 855 3950 quae
867 3887 885 3927 a
896 3865 971 3951 jure
982 3864 1066 3929 bono
1077 3876 1109 3929 et
1119 3889 1213 3952 aequo
1225 3868 1351 3954 longius

402 3965 518 4030 absunt
535 3968 620 4045 (vera
631 3981 687 4031 aut
702 3966 782 4030 l'alsa
796 3967 876 4050 sint)
890 3988 982 4052 reque
993 3968 1157 4033 abhorret:
1174 3969 1277 4053 palam
1290 3972 1351 4034 erit

404 4066 465 4129 hoo
485 4068 562 4133 etin
583 4070 705 4134 caeteris
719 4068 905 4155 disciplinis.
951 4068 1014 4133 Sed
1030 4092 1114 4133 nunc
1130 4072 1237 4135 Graeci
1255 4073 1351 4136 inter-

400 4168 501 4253 pretis
524 4175 622 4235 nostri
647 4170 798 4257 procedat
820 4170 1014 4258 explanatio.
1058 4175 1165 4235 Homo
1185 4182 1232 4236 est
1254 4174 1352 4235 ratio·

400 4274 508 4337 nolis:
544 4271 640 4336 rebus
664 4272 872 4339 existentibus
897 4286 933 4338 ut
961 4294 1045 4337 nunc
1071 4286 1157 4344 sunt,
1181 4274 1248 4334 lraec
1270 4293 1350 4356 quo-

403 4370 574 4438 dammodo
595 4377 766 4440 necessaria
785 4388 850 4439 est:
875 4378 965 4439 homo
979 4384 1027 4439 eat
1039 4376 1180 4447 risibilia,
1196 4373 1264 4437 haec
1279 4396 1352 4461 pro-
