3625 5317
463 767 525 827 17⁰
714 780 851 824 roaxnrs
867 778 1150 823 saansnsmessrs
1271 763 1356 842 [nm.
1372 782 1415 827 rr.

461 930 652 997 Aristoteles
665 930 779 995 delinit
792 952 858 995 erre
872 932 1079 994 celenensem
1090 933 1281 1013 opinionon.
1320 931 1415 997 Fides

460 1045 583 1109 autem,
597 1044 663 1097 tam
678 1032 709 1095 in
726 1030 884 1109 humanis,
897 1053 996 1117 quam
1018 1031 1051 1095 iu
1074 1030 1192 1095 divinis
1206 1032 1313 1109 rebus,
1327 1056 1416 1098 max-

460 1136 524 1199 ime
538 1133 711 1199 necessaria
731 1148 800 1206 ηις
831 1154 932 1219 quum
951 1156 1009 1197 uec
1030 1145 1213 1197 contractus
1227 1132 1295 1198 siue
1315 1158 1416 1199 enoc·

460 1235 577 1301 lebrari
606 1240 694 1300 inter
721 1238 863 1299 homines
890 1248 1032 1319 possent,
1054 1248 1112 1299 aut
1140 1234 1250 1322 aliqua
1277 1236 1416 1301 exerceri

460 1337 663 1402 commercia:
687 1336 832 1422 quinimo
841 1336 924 1401 iuter
935 1336 1078 1399 homiues
1088 1358 1220 1423 qnoque
1229 1339 1415 1400 meritorum

460 1440 734 1526 praemiorumque
758 1437 870 1524 nequit
900 1461 968 1501 esse
992 1438 1227 1517 commercium,
1252 1438 1317 1501 lide
1342 1439 1415 1502 suh

462 1554 577 1608 tracta.
615 1544 698 1607 Haec
712 1555 817 1605 autem
835 1554 903 1604 turn
921 1540 1017 1603 habet
1032 1540 1194 1615 meritum,
1208 1562 1311 1626 quum
1326 1562 1417 1603 veros

460 1642 504 1707 de
518 1642 686 1729 Religione
701 1652 786 1707 tenet
801 1642 970 1707 articulos:
996 1654 1029 1705 et
1045 1656 1103 1715 est,
1120 1654 1157 1705 ut
1172 1641 1217 1703 ait
1234 1640 1417 1738 Apostolug,

462 1744 640 1810 substantia
654 1767 761 1809 rerum
779 1744 1022 1831 sperandarum,
1036 1756 1262 1827 argumentum
1277 1764 1340 1805 non
1362 1765 1418 1826 ap-

462 1848 654 1933 parentium.
692 1848 753 1911 Est
764 1860 796 1911 et
805 1846 910 1909 media
918 1846 1001 1909 inter
1010 1847 1189 1930 opinionem
1200 1854 1233 1907 et
1243 1843 1417 1921 scientiam,

461 1950 612 2035 quoniam
636 1970 695 2035 per
711 1949 943 2013 vehementiam
960 1957 1083 2011 certum
1099 1948 1232 2011 asserit:
1262 1945 1305 2010 ad
1326 1948 1418 2031 cujus

461 2050 684 2115 certitudinem
701 2072 759 2136 per
782 2050 947 2114 scientiam
963 2072 1025 2113 oon
1048 2048 1182 2113 accedit.
1225 2048 1325 2112 Unde
1347 2050 1419 2111 Ma-

462 2150 560 2237 gister
574 2150 689 2235 Hugo:
712 2150 807 2215 Fides
818 2164 866 2216 est
876 2150 1056 2216 voluntaria
1066 2149 1227 2215 certitudo
1237 2150 1417 2215 absentium

463 2268 562 2337 supra
575 2251 767 2337 opinionem,
778 2252 862 2317 infra
877 2251 1052 2333 scientiam,
1066 2252 1250 2317 constituta.
1289 2250 1351 2315 Sed
1367 2251 1418 2315 hic

463 2351 601 2417 scientiae
617 2375 730 2417 nomeu
746 2354 916 2419 dilatatum
933 2366 995 2431 est,
1010 2370 1043 2418 et
1060 2352 1216 2440 usquead
1235 2347 1415 2416 divinorum

461 2455 772 2541 comprehensionem
790 2455 1005 2543 protenditur.

465 2614 545 2701 Cap.
563 2620 613 2679 14.
642 2618 695 2681 De
716 2616 898 2698 cognitione
918 2614 1082 2701 φρονήσεως,
1100 2621 1132 2678 et
1152 2612 1299 2691 ἆλψεῖαςι
1329 2619 1361 2677 et
1380 2613 1419 2677 de

687 2728 762 2783 ortu
774 2720 953 2801 phronesis,
969 2726 1000 2783 et
1013 2738 1088 2800 quae
1100 2720 1195 2781 ratio.

508 2848 653 2939 Ecquis
667 2852 784 2918 veritas
798 2853 981 2938 prudentias
994 2852 1128 2916 materia
1142 2864 1190 2916 est
1206 2851 1290 2930 (nam
1306 2850 1338 2915 in
1351 2852 1416 2914 veri

462 2954 743 3040 comprehensione
758 2954 905 3039 laborat,)
922 2954 1083 3019 linxerunt
1100 2953 1226 3041 antiqui
1246 2953 1415 3040 phronesin

463 3070 496 3122 et
519 3056 647 3136 ἄληθείαν
670 3080 737 3123 esse
762 3080 942 3143 germanas,
965 3080 1004 3123 eo
1028 3057 1116 3142 quod
1142 3056 1325 3142 prudentiae
1344 3078 1416 3122 cum

464 3158 598 3224 veritate
612 3170 661 3222 est
683 3157 831 3244 quaedam
847 3160 957 3223 divina
970 3162 1129 3245 cognatio.
1173 3158 1253 3223 Inde
1268 3162 1418 3246 estquod

464 3258 506 3322 ab
521 3272 653 3343 aspectu
670 3258 813 3323 veritatis
829 3259 1010 3344 prudentia,
1026 3258 1052 3323 si
1074 3260 1216 3346 perfecta
1233 3273 1293 3340 est,
1307 3262 1418 3345 nequit

464 3356 585 3423 arceri:
624 3380 736 3422 verum
765 3358 842 3445 quia
868 3358 929 3425 hoc
954 3360 1117 3427 hominum
1145 3386 1208 3427 non
1233 3377 1293 3439 est,
1318 3362 1420 3429 latens

465 3481 575 3525 verum
602 3460 695 3525 avide
724 3460 843 3546 quaerit
867 3460 994 3526 infirma
1019 3464 1169 3530 conditio.
1214 3466 1261 3529 Et
1286 3465 1419 3553 quidem

465 3573 597 3649 propter
618 3561 757 3627 fallacias
779 3584 928 3629 sensuum
950 3577 982 3628 et
1004 3563 1202 3653 opinionum,
1218 3570 1272 3635 vix
1294 3569 1326 3633 in
1349 3568 1419 3655 ejus

465 3662 707 3752 investigatione
730 3664 866 3731 lideliter
892 3665 1029 3741 incedit;
1067 3666 1121 3732 vix
1147 3666 1252 3736 estin
1278 3692 1420 3758 compre-

464 3764 615 3831 hensione
637 3790 764 3833 secura:
792 3767 906 3835 recolit
927 3768 1011 3833 enim
1035 3792 1068 3833 sc
1093 3769 1258 3859 deceptam
1284 3796 1364 3848 esse,
1386 3786 1420 3840 et

465 3886 558 3952 posse
573 3865 686 3952 decipi.
733 3866 931 3935 Sollicitatur
953 3893 1041 3957 ergo,
1055 3885 1093 3936 ut
1109 3871 1198 3937 firma
1218 3874 1419 3963 perceptione

465 3966 615 4054 gaudeat,
645 3967 891 4057 indubitatoque
915 3972 1051 4058 judicio,
1080 3975 1171 4059 quod
1201 3988 1306 4063 potest
1336 3978 1418 4043 ratio

468 4066 640 4155 appellari:
676 4067 834 4155 siquidem
858 4085 964 4135 ratum
990 4087 1023 4139 et
1051 4077 1179 4139 firmum
1210 4088 1258 4141 est
1288 4076 1418 4141 rationis

466 4193 608 4236 examen.
668 4168 878 4257 Philologiem
917 4195 994 4257 ergo
1023 4176 1107 4262 parit
1133 4176 1309 4264 phronesis,
1338 4178 1418 4243 dum

467 4294 556 4337 amor
577 4270 644 4337 veri
666 4270 817 4351 sollicitat¹
842 4273 1043 4358 prudentiam
1066 4279 1106 4343 ad
1130 4278 1275 4345 notitiam
1298 4303 1418 4358 rerum,

467 4374 507 4441 de
518 4376 637 4462 quibus
647 4376 719 4441 ferri
731 4376 799 4442 vult
811 4377 968 4443 sincerum
979 4380 1339 4468 firmumquejudicum.
1373 4388 1418 4451 Et
