3625 5317
381 801 454 847 cae.
473 786 534 866 ru]
736 802 977 849 usrssoorcos.
1291 783 1329 843 lt)

374 954 537 1040 jactitant,
552 957 658 1021 omnia
674 953 874 1042 pollicentur.
920 956 997 1020 Duo
1011 964 1117 1019 tamen
1131 947 1328 1039 deprehendi

377 1076 432 1119 eos
443 1054 574 1121 fideliori
587 1056 725 1121 tenuisse
735 1054 897 1135 memoris,
906 1064 940 1119 et
954 1052 1153 1140 frequentius
1166 1054 1200 1116 in
1215 1071 1328 1115 eorum

378 1157 561 1241 operatione
575 1157 705 1223 versari.
749 1158 894 1223 Alterum
910 1155 1040 1243 quidem
1057 1152 1265 1240 Hippocratis
1278 1163 1327 1215 est

378 1258 451 1339 (sed
475 1256 521 1325 ibi
549 1262 651 1346 vergit
672 1259 713 1323 ad
739 1260 837 1325 alium
861 1258 1086 1339 intellectum)
1115 1258 1189 1337 Ubi,
1211 1253 1328 1340 inquit,

378 1363 568 1447 indigentia,
593 1384 654 1425 non
684 1371 805 1445 oportet
833 1362 998 1426 laborare:
1035 1374 1066 1427 et
1097 1382 1207 1425 revera
1235 1360 1328 1443 inop-

377 1476 565 1550 portunum,
594 1480 626 1529 et
655 1464 863 1529 inofficiosum
893 1463 1070 1552 opinantes,
1099 1462 1175 1528 dare
1200 1481 1328 1547 operam

378 1564 607 1651 indigentibus,
617 1580 650 1632 et
663 1565 707 1629 eis
721 1565 778 1652 qui
790 1564 917 1643 nolunt,
926 1579 983 1630 aut
997 1576 1175 1651 nequeunt,
1187 1561 1238 1626 vel
1253 1560 1329 1625 solis

378 1666 495 1745 verbis,
503 1689 614 1732 eorum
625 1667 719 1753 plene
728 1668 863 1749 gratiam
872 1667 988 1732 referre
998 1666 1161 1731 mercedis.
1184 1663 1329 1729 Alterum

378 1766 523 1853 profecto
543 1782 601 1844 est,
617 1790 693 1843 non,
709 1767 798 1853 quod
815 1770 1024 1843 meminerim,
1041 1768 1258 1853 Hippocratis,
1274 1762 1330 1827 sed

379 1864 582 1950 diligentium
602 1867 727 1953 adjecto
748 1867 969 1941 medicorum
996 1870 1081 1933 Dum
1101 1867 1194 1945 dolet,
1214 1865 1331 1946 accipe.

381 1968 514 2034 Occasio
540 1968 696 2055 siquidem
723 1967 872 2055 exigendi
899 1969 1036 2035 maxime
1060 1980 1242 2056 opportuna
1269 1978 1330 2045 est,

381 2094 482 2155 quum
498 2070 589 2135 dolor
605 2072 727 2137 cruciat
742 2083 962 2157 aegrotantem,
978 2072 1104 2159 sibique
1118 2079 1329 2157 cooperantur

378 2173 561 2257 languentis
575 2174 781 2250 exulceratio,
797 2188 829 2239 ct
844 2173 978 2239 avaritia
993 2173 1159 2239 medentis.
1205 2171 1239 2235 Si
1256 2190 1330 2235 oon-

378 2274 509 2340 valescit
534 2298 630 2361 aeger,
643 2298 771 2363 operam
798 2276 888 2341 danti
917 2277 1040 2341 medico
1068 2275 1280 2341 adscribatur:
1304 2270 1330 2336 si

379 2376 498 2459 deficit,
517 2378 588 2463 ejus
608 2378 779 2445 invalescat
801 2379 984 2458 auctoritas,
1004 2380 1063 2466 qui
1090 2379 1149 2442 boc
1168 2391 1263 2441 antea
1282 2374 1331 2438 fa·

381 2476 557 2542 miliaribus
582 2479 648 2543 suis
671 2478 831 2545 revelavit.
877 2477 1041 2567 Siquidem
1064 2476 1258 2565 impossibile
1282 2486 1331 2537 est

380 2601 444 2645 non
466 2578 602 2659 evenire,
623 2580 709 2665 quod
736 2580 777 2645 de
802 2582 962 2647 industria
986 2578 1245 2671 praevsticinatus
1269 2590 1330 2651 est,

380 2704 481 2768 quum
497 2681 573 2748 huic
587 2684 784 2771 sospitatem,
799 2684 851 2748 isti
867 2686 1032 2751 sinistrum
1050 2684 1173 2750 exitum
1190 2702 1331 2769 pronun-

381 2782 477 2848 ciavit
488 2783 684 2870 egrotantis.
709 2784 742 2848 Si
754 2807 906 2850 erasurus
916 2802 965 2851 est
974 2808 1071 2870 aeger,
1079 2798 1212 2850 curatur
1222 2780 1329 2847 facile:

380 2885 443 2950 nisi
464 2898 622 2970 quatenus
643 2884 893 2950 incolumitatem
917 2888 989 2973 ejus
1012 2886 1155 2950 medicus
1173 2882 1331 2970 praepedit

380 2986 558 3073 imperitus.
604 2985 660 3049 Sin
675 2996 783 3049 autem
803 3007 883 3060 non3
910 3000 947 3051 ut
968 2986 1086 3051 Sollius
1106 2984 1257 3050 Sidonius
1274 2985 1332 3061 ait,

381 3086 534 3149 occiditur
558 3085 783 3171 ‹fficiosissimn
839 3086 926 3164 Quid
956 3089 1014 3153 ni?
1047 3086 1219 3173 Numquid
1247 3086 1332 3151 enim

382 3199 507 3254 naturae
532 3200 669 3253 secretos
695 3187 893 3275 latentesque
918 3188 1094 3273 cuniculos,
1115 3188 1332 3278 deprehendet

381 3290 478 3355 bomo
500 3290 600 3356 totius
621 3289 836 3377 Philosophiae
859 3293 1011 3377 ignarus?
1033 3307 1066 3359 et
1088 3293 1145 3381 qui
1168 3316 1226 3358 nec
1247 3305 1332 3357 recte

382 3390 471 3480 loqui
486 3392 588 3471 novit,
603 3414 661 3457 nec
676 3405 760 3459 recte
774 3393 950 3479 intelligere
964 3419 1040 3482 quae
1054 3400 1171 3482 scripta
1186 3408 1262 3460 aunt
1276 3404 1335 3458 aut

382 3518 457 3580 quas
466 3495 629 3573 dicuntur,
640 3516 742 3581 quum
754 3496 909 3582 l'erequot
921 3496 1099 3583 discipline
1111 3508 1199 3575 sunt,
1210 3508 1259 3563 tot
1270 3496 1334 3560 sint

382 3596 515 3681 iinguoe,
538 3608 571 3661 et
600 3595 633 3661 in
659 3596 737 3683 ipsis
764 3596 954 3683 plerumque
979 3600 1176 3677 auctoribus,
1201 3620 1264 3663 non
1291 3597 1333 3663 sit

382 3698 494 3783 major,
508 3696 541 3759 in
556 3695 712 3782 corporali
727 3698 969 3784 compositione,
983 3698 1150 3765 diversitas
1166 3698 1332 3776 facierum,

383 3820 481 3883 quam
495 3798 529 3864 in
545 3820 606 3863 usu
619 3798 753 3864 varietas
768 3798 971 3885 linguarum?
995 3803 1103 3867 Homo
1114 3801 1197 3867 enirn
1213 3801 1333 3866 bomini

383 3897 597 3963 assimilatur:
629 3896 685 3961 sed
709 3920 766 3961 nec
792 3898 920 3983 gemelli
943 3900 1077 3966 invicem
1102 3924 1334 3989 usquequaque

384 4020 416 4062 se
432 4000 626 4085 exprimunt.
670 3999 741 4064 Vox
756 4002 827 4066 voci
842 4001 1058 4068 conformatur
1072 4004 1252 4071 interdum:
1277 4003 1333 4070 sed

386 4118 444 4161 uec
467 4120 622 4175 sororum,
644 4111 677 4164 et
699 4101 725 4165 si
747 4100 806 4177 vis,
830 4122 887 4165 nec
909 4106 1077 4169 Musarum
1103 4104 1213 4169 eadem
1237 4105 1333 4169 etiam

384 4198 470 4263 vocis
489 4198 625 4285 agilitas.
670 4205 853 4269 Consonant
872 4203 956 4268 enim
976 4227 1080 4283 voces,
1096 4205 1151 4271 sed
1172 4206 1333 4290 dispares3

382 4301 515 4389 ipsaque
530 4301 710 4389 disparitas,
725 4305 790 4370 suis
805 4318 972 4394 corequsta
993 4306 1266 4393 proportionibus,
1285 4318 1333 4370 est

383 4417 460 4490 apta
490 4405 679 4471 concentui:
702 4420 734 4473 et
761 4407 999 4493 quodammodo
1025 4409 1157 4493 gratior,
1183 4428 1280 4491 quam
1307 4408 1333 4473 si

835 4512 891 4575 ott
