3625 5317
480 774 541 834 tuo
734 786 871 832 scaurus
886 782 1165 831 ssassnnaruusts
1289 766 1374 846 [nra.
1391 783 1436 827 rv.

478 942 580 1025 ponit,
602 952 635 1001 et
657 936 915 1014 instrumentum,
936 957 1002 1019 quo
1024 933 1081 997 illa
1099 933 1217 1012 utitur,
1240 934 1436 1000 manifestat.

481 1039 571 1101 Sicut
585 1038 668 1100 euim
691 1037 884 1101 Dialecticus
899 1034 1057 1110 Elencho,
1072 1056 1169 1119 quern
1192 1056 1251 1098 nos
1264 1038 1438 1099 reluctato-

479 1141 567 1201 n'am
590 1138 725 1200 dicimus
748 1139 974 1220 aylloyismam,
996 1157 1034 1197 eo
1058 1134 1147 1220 qnod
1172 1135 1437 1201 contradictionis

480 1250 547 1301 est:
572 1237 660 1301 sicet
676 1238 747 1311 ista,
764 1234 938 1323 sophistico
952 1234 1083 1299 elencho
1098 1235 1223 1310 utitur3
1247 1238 1307 1321 qui
1321 1236 1436 1322 utique

481 1338 687 1421 imaginarius
707 1351 754 1401 est
775 1336 989 1423 syllogismus,
1004 1359 1043 1399 eo
1064 1336 1152 1422 quod
1175 1358 1238 1400 non
1258 1338 1438 1401 contradic·

482 1439 578 1503 tionis
592 1454 651 1515 est,
663 1440 717 1503 sed
735 1438 870 1503 videtur.
902 1437 1140 1523 Paralogismus
1155 1438 1238 1502 enim
1255 1450 1314 1512 est,
1325 1439 1361 1502 id
1376 1451 1435 1511 est.

483 1540 686 1627 syllogismus
701 1540 889 1606 umbratilis.
936 1538 1096 1625 Supponit
1110 1554 1143 1604 et
1158 1562 1276 1623 genera
1289 1539 1436 1625 disputa·

483 1642 619 1723 tionum,
645 1657 681 1708 ut
711 1656 861 1729 appareat
891 1640 1053 1726 quomodo
1083 1662 1169 1706 nunc
1199 1641 1366 1709 docentem
1397 1665 1437 1706 ex

484 1747 660 1832 principiis,
674 1766 758 1808 nune
774 1766 813 1808 ex
828 1742 1048 1829 probabilibus
1067 1743 1282 1830 colligentem,
1296 1766 1384 1809 nunc
1397 1766 1438 1809 ex

484 1847 545 1926 his,
557 1871 632 1933 quae
642 1868 702 1909 non
713 1846 871 1923 videntur,
884 1844 1061 1931 probabilia
1071 1858 1274 1929 arguentem,
1287 1846 1376 1931 quod
1389 1858 1437 1910 est

481 1948 756 2028 demonstratoris,
778 1946 955 2025 Dialectici,
974 1959 1006 2009 et
1031 1946 1199 2012 tentatoris
1219 1947 1372 2029 officium,
1391 1974 1440 2014 so-

485 2053 592 2136 phista
606 2050 759 2113 imitetur.
796 2050 831 2111 Is
844 2048 988 2134 inquam,
1002 2050 1060 2130 qui
1075 2048 1248 2134 agonizans
1263 2050 1434 2137 litigiosam

486 2165 623 2229 exercet,
647 2151 755 2238 adjicit
783 2151 996 2237 sophistarum
1023 2164 1116 2216 notas
1140 2152 1297 2239 quinque,
1322 2176 1438 2239 procu-

486 2251 625 2317 rantium
633 2251 1440 2340 quomodnadversariusinredargutionemincidat,

487 2368 544 2419 aut
559 2354 686 2434 falsum,
700 2368 756 2418 snt
772 2353 976 2439 inopinabile,
992 2367 1049 2417 ant
1065 2355 1292 2431 soloecismurn,
1307 2368 1365 2420 ant
1380 2378 1439 2419 nu·

487 2454 584 2538 gandi
600 2453 744 2541 ineptias.
789 2452 915 2518 Sufficit
935 2467 1042 2517 autem
1063 2452 1252 2533 cavillatori,
1266 2455 1292 2517 si
1314 2454 1365 2517 vel
1380 2454 1440 2519 hoc

487 2556 590 2620 facere
606 2556 761 2621 videatur.
807 2551 981 2639 Subjungit
997 2554 1047 2617 his
1067 2555 1223 2639 arguendi
1243 2554 1367 2635 modos,
1381 2560 1439 2643 qui

488 2659 611 2723 suntin
629 2658 782 2722 dictiones
805 2670 840 2720 ut
855 2654 1076 2740 aequivocatio,
1092 2655 1340 2743 amphibologia,
1356 2681 1440 2721 conr-

489 2760 616 2846 positio,
632 2759 758 2836 divisio,
772 2770 932 2833 accentus,
944 2771 976 2822 et
991 2758 1098 2842 figura
1118 2758 1283 2824 dictionis:
1307 2772 1341 2824 et
1362 2760 1438 2824 itern

489 2886 554 2941 eos,
566 2864 624 2949 qui
639 2876 713 2928 sunt
724 2874 816 2927 extra
830 2859 1011 2937 dictionem,
1022 2872 1059 2924 ut
1075 2860 1107 2923 in
1122 2882 1160 2923 ea
1174 2860 1290 2945 specie,
1302 2882 1380 2943 φη
1393 2870 1441 2926 eat

489 2967 667 3029 secundum
681 2966 841 3038 occidens,
856 2974 888 3025 et
910 2961 943 3023 in
964 2982 1001 3025 ea
1016 2984 1080 3047 qua
1100 2961 1297 3047 simpliciter,
1312 2962 1363 3025 rel
1378 2984 1440 3028 non

487 3067 673 3154 simpliciter
683 3066 816 3131 dicitur:
840 3076 872 3128 et
885 3064 979 3127 tertia
989 3075 1120 3150 quaest
1132 3061 1307 3127 secundum
1318 3063 1440 3129 elenchi

491 3171 719 3253 ignorantiam:
750 3178 782 3230 et
808 3180 925 3251 quarta
957 3164 1130 3228 secundum
1164 3187 1378 3251 consequens:
1408 3180 1440 3230 et

492 3270 605 3356 quinta
625 3268 796 3331 seeundum
820 3266 907 3352 quod
930 3266 1031 3330 estin
1052 3270 1215 3351 pindpio
1235 3286 1378 3341 sumere3
1410 3281 1442 3332 et

492 3368 701 3456 sexta,quod
725 3382 858 3432 estnon
880 3388 1006 3431 causam
1030 3380 1068 3433 nt
1090 3390 1216 3431 causam
1243 3390 1379 3453 ponere:
1410 3383 1444 3434 et

492 3475 637 3559 septima,
652 3472 759 3559 plures
773 3470 1033 3553 interrogationes
1053 3492 1149 3535 unam
1165 3472 1278 3536 iacere.
1324 3472 1443 3559 ltaque

494 3577 631 3665 qualiter
646 3588 856 3664 opponentem
873 3586 930 3638 aut
950 3572 1189 3658 respondentem
1204 3573 1238 3636 in
1259 3572 1308 3636 his
1323 3576 1442 3639 versari

493 3695 650 3767 oporteat,
671 3702 728 3766 per
747 3676 873 3763 singula
892 3676 999 3761 capita
1015 3672 1184 3757 diligenter
1203 3673 1390 3759 exequitur,
1410 3689 1441 3740 et

494 3784 577 3847 sicut
609 3784 750 3869 optimus
782 3782 1010 3865 campiductor,
1044 3776 1140 3851 hunc,
1170 3773 1212 3841 ad
1246 3774 1444 3840 inferendam

496 3906 650 3972 pugnam,
665 3884 767 3958 illurn,
783 3883 913 3948 instruit
928 3880 968 3946 ad
984 3878 1152 3944 cautelam.
1184 3879 1291 3955 Quum
1311 3899 1390 3962 ergo
1403 3901 1446 3943 ex

496 3988 545 4052 his
566 3986 685 4072 liqueat
704 4006 779 4071 qum
798 3984 906 4048 adesse
926 3982 1075 4058 debeant,
1090 4003 1165 4067 quae
1185 3980 1305 4054 abesse,
1320 3991 1353 4044 et
1371 4001 1446 4066 pro·

496 4090 661 4163 habilium,
677 4110 752 4173 quae
767 4090 831 4150 sola
843 4085 958 4150 sufficit
974 4085 1112 4148 humana
1126 4082 1294 4147 infirmitas
1304 4103 1446 4168 compre-

495 4192 644 4268 hendere,
666 4188 815 4275 patefacti
839 4189 901 4251 sint
923 4186 995 4267 loci,
1014 4186 1238 4271 rationumque
1260 4196 1445 4249 monstratae

496 4296 557 4358 sint
575 4288 755 4355 necessariae
769 4289 1014 4372 cornplexiones,
1026 4284 1160 4349 docendi
1176 4284 1239 4347 sint
1249 4284 1399 4359 rationes,
1413 4296 1445 4346 et

496 4397 556 4460 viae
570 4392 758 4479 explanatae,
774 4389 971 4456 fallaciarum
986 4388 1112 4454 sublata
1126 4386 1190 4453 sint
1204 4387 1444 4472 impedimenta,
