3625 5317
478 754 521 813 60
736 768 873 815 rotulus
889 766 1165 816 saamnsmausrs
1305 754 1387 835 [arn.
1403 776 1427 822 1.

474 922 635 1005 iynorara.
682 918 728 983 Et
742 916 818 1005 quia
839 918 871 984 in
888 931 959 984 toto
972 921 1265 1007 praeexercitamine
1278 925 1429 990 erudien-

475 1021 602 1097 dorum,
617 1020 697 1086 nihil
718 1020 829 1086 utilius
847 1035 906 1098 est,
922 1044 1019 1108 quam
1045 1021 1086 1098 ei,
1102 1023 1191 1109 quod
1209 1022 1278 1088 fieri
1296 1049 1338 1089 ex
1356 1038 1426 1091 arte

474 1135 613 1210 oportet,
626 1144 815 1200 assuescere,
828 1146 949 1209 prosas,
963 1136 994 1189 et
1010 1138 1159 1211 poemma
1173 1126 1318 1210 quotidie
1327 1128 1427 1213 scrip-

474 1223 624 1302 titabant,
639 1237 671 1289 et
690 1248 723 1290 se
746 1227 867 1290 mutuis
891 1226 1080 1291 exercebant
1102 1225 1336 1305 collationibus,
1358 1249 1426 1313 quo

474 1322 604 1410 quidem
626 1324 788 1405 exercitio,
802 1324 882 1388 nihil
903 1324 1015 1391 utilius
1033 1324 1075 1391 ad
1098 1324 1326 1411 eloquentiam,
1344 1326 1424 1391 nihil

472 1424 653 1511 expeditius
664 1425 704 1489 ad
717 1425 890 1501 scientiam,
898 1440 931 1491 et
940 1426 1116 1512 plurimum
1127 1427 1251 1491 confert
1263 1425 1423 1504 advitam,

472 1526 498 1590 si
513 1534 617 1589 tamen
633 1524 714 1589 hanc
731 1523 934 1590 sedulitatem
950 1522 1169 1610 regitcaritas,
1186 1548 1212 1589 st
1227 1526 1259 1589 iu
1275 1525 1423 1612 profectu

472 1627 613 1693 literario
635 1640 779 1693 servetur
801 1626 977 1691 humilitas.
1021 1630 1096 1692 Non
1114 1631 1258 1692 estenim
1281 1631 1423 1709 quadan

470 1734 617 1809 hominis,
649 1732 750 1797 literis
777 1740 810 1797 et
833 1730 1017 1795 carnalibus
1045 1732 1132 1794 vitiis
1159 1730 1324 1795 inseruire.
1368 1730 1421 1795 Ad

470 1832 568 1919 hujus
586 1833 729 1917 magistri
756 1833 893 1898 formam
922 1842 1133 1918 praeceptores
1161 1832 1222 1896 mei
1252 1832 1284 1895 in
1314 1854 1419 1917 gram-

471 1936 597 2007 matica,
621 1934 800 1999 Guilelmus
820 1936 858 1997 de
882 1936 1032 2009 Cauchis,
1057 1946 1090 1997 et
1111 1932 1282 2011 Ricardus,
1305 1956 1422 2020 coguo-

470 2048 577 2099 mento
606 2037 801 2118 Episcopus,
825 2032 929 2096 officio
951 2056 1036 2097 nunc
1059 2033 1313 2098 Archidiacouus
1335 2036 1420 2099 Cou-

470 2134 660 2210 stantieusis,
691 2134 756 2196 vita
792 2146 824 2197 et
853 2134 1091 2197 conversatione
1120 2134 1170 2198 vir
1199 2134 1312 2212 bouus,
1344 2158 1419 2199 suos

468 2234 640 2321 discipulos
649 2234 1104 2319 aliquandiuinformaverunt·
1127 2232 1189 2299 Sed
1199 2235 1418 2321 postmodum,

467 2359 507 2401 ex
523 2360 589 2425 quo
603 2336 711 2425 opinio
731 2338 855 2401 veritati
876 2336 1099 2423 praejudicium
1120 2337 1207 2414 fecit,
1223 2348 1255 2400 et
1276 2338 1419 2403 homines

466 2439 682 2526 videri,quam
690 2461 755 2502 esse
766 2438 947 2527 philosophi
956 2439 1149 2515 maluerunt,
1159 2439 1418 2526 professoresque

465 2542 595 2619 artium,
611 2564 643 2605 se
656 2551 755 2605 totam
767 2539 999 2627 philosophiam
1012 2541 1151 2617 brevius,
1162 2563 1258 2627 quam
1269 2539 1417 2618 triennio,

464 2656 520 2708 aut
543 2641 680 2718 biennio,
703 2642 919 2709 transfusuros
940 2642 1143 2709 auditoribus
1164 2642 1414 2729 pollicebantur,

463 2746 585 2833 impetu
597 2743 814 2809 multitudinis
824 2742 983 2829 imperitae
993 2742 1078 2819 victi,
1088 2757 1260 2808 cesserunt.
1283 2740 1416 2808 Exinde

462 2860 580 2926 autent,
597 2848 702 2912 miuus
724 2845 886 2932 temporis,
901 2858 934 2909 et
949 2843 1135 2929 diligentiae,
1151 2843 1182 2907 in
1197 2847 1416 2929 grammaticae

462 2951 571 3018 studio
584 2952 763 3038 impensum
779 2961 838 3013 est.
862 2950 918 3013 Ex
931 2970 1000 3034 quo
1014 2947 1161 3032 contigit,
1177 2946 1287 3031 utqui
1304 2966 1415 3011 omnes

459 3068 554 3135 artes,
578 3067 643 3119 tam
674 3051 821 3117 liberales
842 3070 939 3135 quam
970 3048 1178 3121 mechanicas,
1208 3046 1412 3131 profitentur,

458 3177 517 3218 nec
531 3153 664 3237 primam
686 3151 850 3214 noverint:
873 3150 941 3211 siue
955 3170 1031 3233 qua,
1048 3150 1169 3213 frustra
1189 3147 1262 3232 quis
1282 3170 1413 3233 progre-

459 3252 566 3315 dietur
576 3249 615 3313 ad
629 3248 777 3333 reliquas.
823 3247 912 3311 Licet
926 3259 1033 3310 autem
1045 3260 1078 3311 et
1090 3246 1161 3308 alioe
1171 3245 1358 3330 discipliuae,
1371 3246 1413 3312 ad

457 3352 653 3416 literaturam
670 3344 848 3432 proficiant,
864 3346 932 3410 baec
948 3359 1053 3409 tamen
1073 3343 1242 3429 privilegio
1257 3344 1412 3431 singulari

457 3454 561 3518 facere
588 3448 707 3513 dicitur
736 3448 902 3510 literatum.
955 3444 1120 3531 Siquidem
1151 3443 1311 3511 Romulus
1340 3472 1410 3513 eam

456 3555 667 3625 literaturam,
697 3552 800 3615 Varro
834 3570 910 3613 vero
939 3548 1149 3613 literatiouem
1179 3546 1341 3635 appellat:
1376 3564 1409 3617 et

456 3655 615 3745 professor
629 3654 710 3739 ejus,
733 3651 798 3716 sive
813 3664 959 3729 assertor,
981 3649 1101 3714 dicitur
1115 3648 1271 3714 literatus.
1316 3652 1410 3715 Anti·

455 3756 567 3845 quitus
582 3770 687 3821 tamen
706 3754 881 3819 vocabatur
895 3752 1038 3819 literator
1054 3753 1155 3837 juxta
1169 3750 1251 3815 illud
1267 3749 1405 3827 Catulli,

455 3864 575 3927 Murrus
592 3860 647 3921 dut
665 3858 723 3922 tibi
734 3859 826 3943 Sylla
848 3860 1001 3922 literator.
1047 3854 1144 3918 Unde
1159 3851 1323 3939 probabile
1344 3864 1405 3927 est,

455 3960 542 4051 quod
568 3973 766 4047 contemptor
791 3957 1017 4043 grammaticae,
1046 3976 1109 4019 non
1138 3952 1234 4019 modo
1263 3951 1406 4016 literator

454 4073 590 4140 nonest,
607 4060 660 4126 sed
676 4084 734 4126 nec
750 4060 895 4126 literatus
910 4058 972 4122 dici
988 4056 1095 4121 debet.
