3625 5317
742 822 963 872 arrnnrrcns.
1266 816 1328 873 24³

375 976 457 1039 Haec
467 974 577 1040 ecbola
587 976 631 1041 nic
641 977 779 1062 juvenes
788 976 890 1042 voluit
900 977 1107 1065 juveneaoe're
1118 998 1253 1065 temper,
1269 983 1328 1045 tab

460 1078 509 1143 Ut
523 1077 740 1165 dedignentur
753 1100 844 1143 nosse
859 1080 910 1144 vel
924 1102 991 1144 erae
1005 1102 1105 1146 aenea.

374 1180 420 1242 Et
434 1178 580 1263 quamvis
594 1192 725 1246 tueatur
738 1202 806 1244 enm
823 1202 976 1245 numerus
991 1181 1237 1257 Garamantum,

463 1281 551 1357 Quor
565 1278 684 1345 audere
698 1292 804 1345 monet
819 1281 933 1367 fasque
944 1282 1099 1369 nefasque
1112 1282 1216 1360 furor,

376 1381 464 1457 Quos
478 1380 566 1466 gula,
581 1404 663 1467 quoa
676 1380 778 1447 fastus
793 1394 903 1467 captos
914 1381 1031 1445 servire
1045 1382 1161 1467 coegit,
1181 1441 1186 1449 .

462 1483 551 1559 Quos
564 1485 700 1547 transire
715 1483 824 1546 Venus
839 1483 871 1547 in
889 1505 947 1548 sua
961 1495 1065 1548 castra
1079 1483 1171 1558 facit,
1264 1487 1327 1551 130

375 1586 427 1649 Tu
444 1598 548 1649 tamen
564 1598 706 1651 armatus
721 1584 833 1672 clypeo
849 1585 978 1651 virtutis
992 1600 1024 1651 et
1040 1607 1124 1661 ense.

463 1686 510 1752 Ut
525 1686 644 1751 rabiem
659 1687 808 1773 perimas,
823 1688 939 1753 obvius
952 1688 1015 1754 ibia
1029 1689 1084 1753 aia.

633 1788 684 1851 De
697 1790 960 1853 mandatoribus
973 1791 1068 1854 verbi.

375 1892 457 1955 Esse
471 1902 650 1955 catenatum
667 1912 700 1954 ae
714 1890 815 1955 credit
832 1890 1045 1970 sertorianus,

373 2026 378 2035 ·
463 1990 495 2054 Si
505 1990 621 2077 jubeas
636 2002 721 2059 recte
735 1990 853 2069 rivere,
869 1990 935 2055 sive
950 1988 1048 2077 ioqui.

378 2090 452 2152 Hoc
462 2110 630 2166 onus,eoce
637 2088 1253 2177 jugum,quodvitnnanoatrajurentua
1269 2098 1328 2159 1³5

463 2189 514 2253 Ad
531 2212 689 2255 summum
705 2190 806 2255 currit
821 2192 1020 2278 prosperiore
1034 2193 1099 2267 vim

376 2290 526 2357 Admittit
543 2291 666 2367 Soloen,
683 2292 779 2356 sumit
795 2292 883 2378 quod
901 2292 1065 2358 Barbarus
1078 2294 1183 2373 offert,

463 2396 576 2459 luserit
592 2393 661 2457 baec
676 2393 790 2473 verbis,
806 2393 939 2480 negligit
955 2408 1023 2461 arte
1039 2395 1136 2483 loqui.

378 2496 452 2559 Hoc
467 2494 531 2559 ritu
547 2494 687 2582 linguam
703 2494 799 2561 comit
815 2498 1029 2578 Normannus‚
1043 2498 1153 2565 haberi

464 2600 551 2662 Dum
566 2596 656 2684 cupit
670 2598 823 2674 urbanus,
841 2599 1136 2687 Franeigeuamque
1151 2606 1251 2691 aequi.
1268 2609 1328 2672 lan

377 2699 513 2765 Aulinus
528 2699 588 2764 boc
603 2713 709 2765 notter
724 2698 867 2764 tumidus
882 2720 1025 2763 sermone
1040 2703 1180 2768 rotundo

460 2800 560 2867 Ridet
574 2798 688 2864 natalia
702 2799 821 2864 rustica
837 2799 935 2862 verba
950 2797 1018 2865 auli.

376 2903 486 2967 Sermo
500 2900 659 2967 rotundus
673 2899 724 2964 hic
739 2914 799 2975 eat,
814 2920 911 2985 quem
927 2900 1038 2983 regula
1052 2903 1142 2966 nulla
1154 2916 1306 2984 coarctat,

463 3003 565 3080 Quem
583 3022 660 3084 gens
673 3000 762 3064 nulla
776 3013 882 3086 potest
898 3000 1003 3065 dicere
1013 3003 1089 3089 jure
1104 3025 1209 3068 auum.

376 3103 454 3170 Vilis
468 3102 556 3189 apud
572 3110 692 3165 veteres
707 3102 812 3166 fuerat
829 3100 944 3166 modus
958 3102 1018 3167 iate
1033 3104 1197 3190 loquendi,
1268 3113 1328 3173 ltd

323 3250 327 3261 .
460 3204 550 3289 Lege
565 3202 648 3266 bona
662 3202 773 3267 solitus
789 3204 906 3283 virere,
920 3205 990 3289 lege
1005 3206 1104 3292 loqui.

734 3309 787 3370 De
801 3307 968 3389 Hyrcano.

374 3406 438 3473 Sed
453 3409 528 3493 quia
542 3405 739 3492 temporibus
757 3404 889 3471 Hircani
905 3404 1015 3471 floruit
1031 3407 1119 3485 olim,
1122 3412 1129 3421 '

461 3510 523 3577 cni
539 3530 606 3595 prae
621 3511 691 3593 lege
707 3508 769 3572 Dei
783 3520 877 3593 grata
891 3508 991 3572 libido
1005 3510 1082 3587 suit,

373 3610 439 3687 Qui
453 3631 542 3695 regen
556 3608 637 3675 salso
652 3608 741 3675 nulla
756 3610 817 3673 aab
832 3608 902 3694 lega
918 3609 1028 3685 teneri,

460 3708 507 3774 Et
520 3709 675 3795 quicquid
691 3708 797 3789 libuit,
811 3708 947 3775 credidit
962 3730 1029 3774 erae
1043 3711 1146 3805 pium,
1265 3720 1326 3784 lto

373 3810 547 3895 Praeplacet
563 3811 615 3875 hio
630 3832 717 3893 uana,
731 3812 784 3877 cui
799 3812 884 3897 regis
898 3814 1004 3897 gratia
1018 3814 1119 3900 major

460 3910 572 3989 Affniu
588 3928 620 3979 et
635 3916 774 4001 pretium
791 3936 894 3979 nermo
909 3914 1069 3983 rotundus
1083 3917 1190 3985 habet.

703 4018 756 4083 Da
770 4018 1001 4099 Mandrogero.

373 4118 623 4205 Mandrogerum
641 4118 697 4184 tali
713 4119 777 4185 ritu
791 4116 903 4183 florere
920 4119 1076 4198 videmur,

461 4222 530 4286 Sub
545 4243 609 4308 qun
624 4242 682 4285 nec
698 4220 803 4306 turpis
816 4240 912 4285 causa
927 4220 1030 4308 perire
1044 4234 1162 4308 potent.

373 4322 581 4409 Mandrogeri
596 4344 694 4407 nugoe
709 4321 863 4408 rapientia
878 4344 1004 4389 summa
1018 4324 1180 4399 ridentur,
1265 4330 1324 4391 lm

458 4424 627 4509 Verbaque
642 4420 848 4507 Mandrogeri
864 4421 1005 4487 formula
1014 4423 1098 4507 juria
1112 4437 1216 4487 erunt.

826 4543 846 4587 n
862 4531 881 4587 2
