3625 5317
502 800 542 861 84
773 810 909 856 tornius
924 807 1203 855 sanassumsnsrs
1319 786 1404 867 [tra.
1420 806 1456 849 ιι.

507 962 713 1049 telligendum
737 974 768 1025 et
791 960 982 1036 docendum,
998 958 1085 1044 quod
1107 956 1364 1042 philosophantis
1385 977 1458 1040 pro-

508 1067 646 1153 positum
673 1062 807 1149 expetit,
834 1078 865 1127 et
892 1061 1030 1125 officium
1057 1058 1168 1144 exigit.
1213 1060 1320 1136 Quum
1349 1072 1456 1122 autem

507 1166 672 1231 dialectica
700 1165 883 1251 inquisitiva
913 1164 965 1241 sit,
993 1163 1033 1226 ad
1063 1161 1204 1225 omnium
1235 1158 1457 1225 methodorum

508 1267 664 1356 principia
689 1268 769 1331 viam
797 1267 910 1331 hahet:
948 1263 1108 1351 siquidem
1132 1286 1183 1326 ars
1208 1262 1360 1348 quaelihet
1385 1281 1459 1323 suas

510 1369 607 1435 habet
630 1367 805 1446 methodos,
819 1390 900 1453 quas
920 1389 976 1430 nos
996 1364 1175 1451 figuraliter
1194 1362 1391 1427 adviationes
1410 1358 1459 1424 vel

512 1468 619 1535 aditus
634 1490 802 1555 possumus
817 1465 1032 1553 interpretari,
1046 1476 1079 1529 et
1098 1461 1296 1549 inquisitioni
1318 1460 1460 1526 succedit

512 1571 663 1646 inventio,
679 1592 735 1635 nec
750 1568 962 1656 apprehendit
983 1566 1123 1633 scientim
1137 1565 1291 1640 fructum,
1305 1564 1359 1627 cui
1373 1585 1461 1649 quas-

514 1671 605 1736 rendi
629 1671 774 1758 displicet
798 1668 950 1733 studium.
997 1666 1060 1731 Sed
1083 1666 1334 1731 demonstrativa
1355 1686 1461 1728 neces·

514 1773 611 1838 sarias
627 1773 791 1837 methodos
805 1770 932 1857 quoerit,
947 1784 979 1833 et
995 1790 1071 1855 quae
1085 1768 1171 1833 illam
1189 1790 1294 1832 rerum
1309 1768 1462 1831 iuhoeren·

516 1877 592 1940 tiam
608 1876 734 1951 docent,
750 1896 845 1960 quam
861 1870 1059 1958 impossibile
1073 1884 1121 1935 est
1135 1869 1282 1935 dissolvi:
1307 1870 1368 1933 hoc
1380 1868 1463 1932 enim

515 1976 673 2040 duntaxat
687 1974 895 2039 necessarium
912 1986 972 2050 est,
985 1974 1073 2059 quod
1089 1972 1180 2037 aliter
1195 1996 1262 2037 esse
1272 1969 1465 2057 impossibile

517 2090 575 2141 est.
620 2078 781 2141 Caeterum
805 2075 882 2160 quia
906 2076 987 2138 vires
1008 2089 1144 2151 naturae,
1169 2087 1227 2139 aut
1252 2073 1362 2138 nullus
1386 2094 1466 2157 pene

518 2188 691 2253 scrutatur,
709 2189 764 2239 aut
788 2196 889 2253 rarus,
912 2189 944 2237 et
967 2196 1137 2239 numerum
1159 2173 1356 2259 possibilium
1380 2170 1468 2237 solus

519 2278 608 2339 Deus
628 2274 727 2347 novit,
749 2275 789 2337 de
810 2274 991 2339 necessariis
1012 2275 1200 2362 plerumque
1220 2296 1283 2339 non
1305 2272 1401 2337 modo
1422 2273 1469 2337 iu-

519 2388 653 2451 certum,
669 2376 722 2439 aed
740 2387 771 2439 et
788 2376 988 2439 temerarium
1006 2376 1166 2463 judicium
1182 2390 1239 2441 est.
1284 2372 1369 2448 Quia
1382 2375 1467 2437 enim

520 2477 608 2541 novit
629 2477 768 2563 penitus,
792 2476 871 2562 quid
894 2500 962 2540 esse
982 2478 1094 2563 possit,
1116 2490 1173 2542 aut
1194 2500 1258 2541 non
1279 2476 1404 2563 possit?
1434 2474 1468 2539 Si

520 2577 655 2664 peperit,
684 2600 756 2641 cunr
787 2576 896 2663 aliquo
925 2578 1109 2657 concubuit,
1137 2590 1194 2642 aut
1226 2587 1379 2663 corrupta
1407 2590 1467 2652 est,

520 2680 728 2744 necessarium
744 2702 810 2744 esse
822 2679 986 2744 duxerunt
1002 2679 1108 2744 secula
1122 2680 1233 2746 multa.
1265 2680 1327 2744 Sed
1339 2680 1467 2744 tandem

519 2782 550 2847 in
566 2784 628 2847 line
651 2794 829 2869 temporum
846 2804 910 2845 non
933 2781 1141 2847 necessarium
1163 2806 1241 2862 esse,
1255 2781 1364 2847 docuit
1387 2781 1466 2847 inte-

518 2886 665 2973 gerrimae
694 2886 827 2972 virginis
862 2897 985 2971 partus.
1039 2883 1138 2960 Quod
1168 2884 1251 2948 enim
1286 2882 1470 2969 simpliciter

521 3010 645 3053 necesse
657 3001 714 3069 est,
726 2989 814 3053 nullo
827 2986 922 3052 modo
936 2988 1028 3052 aliter
1038 3009 1106 3050 esse
1120 2998 1240 3072 potest:
1265 2984 1382 3050 mutmi
1393 3006 1468 3048 vero

520 3102 637 3175 potest,
650 3089 736 3174 quod
750 3113 768 3152 a
783 3089 1046 3153 determinatione
1060 3108 1186 3151 necesse
1199 3099 1258 3151 est.
1288 3086 1471 3151 Victorinus

521 3190 553 3251 in
585 3188 762 3251 Rhetoricis
786 3188 817 3251 in
845 3187 1067 3274 explanatione
1091 3188 1254 3252 necessarii
1277 3188 1338 3251 hoc
1363 3188 1468 3272 ipsum

520 3286 624 3361 docet,
651 3298 682 3349 et
710 3286 797 3369 quod
824 3286 863 3351 ad
891 3301 1019 3371 partum
1050 3288 1223 3374 corruptio,
1249 3309 1312 3350 non
1338 3286 1469 3371 quidem

523 3386 707 3463 necessario,
720 3385 773 3449 sed
790 3386 1007 3473 probabiliter,
1019 3400 1245 3476 consequatur:
1271 3389 1472 3474 Augustinus

522 3510 652 3575 quoque
677 3487 824 3563 rationes,
848 3510 923 3575 quae
949 3492 1130 3555 necessaria·
1156 3502 1241 3567 sunt,
1268 3512 1335 3553 esse
1359 3488 1471 3553 asserit

524 3588 743 3679 sempiternas,
758 3603 791 3655 et
811 3591 899 3655 nullo
918 3591 1015 3656 modo
1036 3593 1182 3656 evacuari
1206 3615 1305 3678 posse.
1353 3590 1472 3655 Proba·

523 3691 635 3756 bilium
663 3716 737 3757 vero
767 3695 904 3757 rationes
929 3694 1046 3758 mutari
1073 3716 1164 3781 posse
1192 3694 1297 3779 palam
1327 3708 1386 3765 est,
1412 3691 1472 3755 nisi

524 3793 704 3858 necessarioe
724 3794 853 3859 fuerint.
898 3794 996 3858 Unde
1016 3807 1139 3859 constat
1160 3817 1255 3880 quam
1279 3794 1415 3858 arduum
1431 3793 1473 3858 sit

524 3896 783 3959 demonstratoris
803 3897 1014 3981 propositum,
1035 3896 1092 3981 qui
1112 3918 1237 3981 semper
1258 3895 1474 3960 necessitatem

524 3995 680 4079 sequitur,
691 4008 722 4059 et
735 4018 754 4058 a
768 3996 922 4072 veritatis,
935 4019 1028 4084 quam
1045 3996 1226 4084 profitetur,
1237 3996 1403 4083 principiis
1413 4017 1475 4059 non

524 4095 652 4161 recedit.
700 4097 733 4159 Si
757 4096 838 4159 enim
867 4098 1032 4161 veritatem
1055 4098 1302 4183 deprehendere,
1325 4121 1400 4185 quae
1427 4100 1475 4177 (ut

525 4200 615 4263 aiunt
638 4196 815 4261 Academici
839 4198 949 4279 nostri)
973 4210 1125 4283 tanquam
1147 4199 1179 4263 in
1203 4199 1364 4286 profundo
1385 4196 1474 4284 putei

523 4302 610 4376 latet,
628 4320 778 4384 magnum
794 4312 861 4363 est:
886 4311 1017 4383 quantae
1032 4301 1211 4368 vivacitatis
1224 4316 1283 4376 est,
1299 4324 1363 4366 non
1379 4300 1475 4365 modo

524 4404 700 4477 veritatem,
724 4401 778 4464 sed
804 4397 907 4485 ipsius
937 4400 1131 4465 necessitatis
1156 4417 1323 4487 penetrare
1349 4422 1475 4475 arcana,
