3625 5317
657 783 733 832 viru
750 785 867 832 saucrr
883 786 1041 832 russeus.
1116 773 1122 786 ’
1258 773 1319 833 ttl

363 937 541 1004 caritatem·
589 937 684 1003 Unde
707 939 744 1002 fit
766 949 801 1002 ut
822 959 936 1022 proras
960 951 993 1003 et
1014 939 1164 1023 spinosas
1178 939 1323 1004 nutriant

362 1039 585 1119 cogitationes,
600 1040 779 1124 suspiciosi,
797 1041 935 1124 queruli,
950 1051 1193 1118 murmurantes,
1207 1037 1319 1118 invidi,
1396 1105 1400 1116 ,

362 1138 537 1216 ambitiosi,
548 1137 711 1215 infideles3
732 1150 764 1202 et
779 1139 834 1223 qui
850 1142 971 1204 nullam
986 1140 1019 1203 in
1035 1139 1177 1224 praelatis
1192 1139 1318 1221 experti

362 1251 449 1317 suut,
459 1241 579 1304 nullum
593 1242 641 1304 eis
656 1242 706 1304 vel
718 1241 788 1303 aliis
803 1241 943 1305 referunt
956 1242 1131 1304 caritatem.
1154 1242 1201 1304 Et
1215 1261 1317 1324 quan·

362 1351 430 1403 tum
453 1353 601 1404 crescunt
619 1342 653 1405 in
668 1341 868 1404 dissensione
887 1342 1101 1404 membrorum
1115 1341 1149 1403 in
1172 1361 1319 1424 corpore,

361 1451 454 1506 tanto
467 1441 668 1506 incremento
686 1441 761 1505 vitia
783 1451 1001 1524 propagantur
1014 1440 1048 1504 in
1070 1451 1185 1506 mente.
1223 1443 1315 1505 Nun·

362 1541 516 1626 quidhoc
530 1543 622 1606 vobis
632 1540 754 1606 velletis
768 1539 858 1606 ficri?
881 1542 902 1606 J
903 1541 1013 1606 ustitia
1027 1551 1132 1605 antem
1147 1543 1264 1618 vestra,
1274 1563 1316 1606 ne

362 1644 454 1708 aliter
468 1642 586 1722 dicum,
599 1643 633 1707 in
656 1644 827 1728 propatulo
847 1643 927 1708 est.”
971 1643 1140 1707 Familiare
1159 1642 1317 1727 siquidem

362 1744 505 1808 habebat
520 1745 663 1829 probatis
679 1745 819 1809 moribus
834 1745 1057 1829 exemplisque
1073 1745 1255 1826 vulgaribus
1265 1765 1317 1808 as·

364 1865 488 1921 serere3
514 1853 547 1908 et
561 1865 751 1923 sermonem,
764 1866 830 1908 non
847 1856 882 1908 ut
899 1847 1000 1910 multa
1015 1846 1096 1908 scire
1114 1855 1148 1909 ct
1160 1843 1319 1910 facundus

364 1945 533 2024 rideretur,
547 1945 746 2010 auditoribus
765 1957 801 2010 ut
818 1939 1008 2030 proficerent
1026 1946 1182 2010 intimare.
1215 1950 1256 2010 ln
1271 1946 1318 2010 eis

365 2066 493 2130 qnoque
515 2045 708 2126 erudiendis,
729 2067 827 2131 quum
850 2067 1077 2132 quemcunque
1098 2048 1319 2129 magistratum

366 2147 457 2227 gerit,
472 2169 601 2232 operam
620 2149 752 2212 multam
774 2147 890 2222 dubat;
916 2169 956 2212 eo
975 2146 1063 2233 quod
1083 2148 1211 2212 illorum
1226 2148 1317 2212 insti·

367 2248 446 2311 tutio
462 2259 569 2332 potest
582 2246 730 2314 omuibus
740 2251 791 2312 vel
806 2247 958 2332 prodesse
969 2249 1017 2312 rel
1033 2249 1146 2312 obesse
1155 2249 1317 2334 subjectis.

368 2347 432 2412 His
454 2347 570 2412 auditis
591 2351 691 2413 abbas
720 2348 895 2430 ingemuit3
933 2357 1024 2412 etse
1050 2368 1070 2410 a
1098 2348 1150 2412 ria
1178 2348 1319 2413 veritatis

367 2470 487 2515 errasse
502 2451 608 2534 palam
623 2452 790 2516 confessus
804 2462 860 2516 est.

410 2550 509 2614 Gravi
523 2550 649 2614 interim
663 2551 775 2614 morbo
789 2551 890 2614 abbas
912 2551 1115 2615 Herleuinus
1129 2550 1318 2626 conficitur3

367 2659 399 2714 ct
414 2651 565 2714 Ansclmo
581 2650 750 2734 dispositio
766 2648 1016 2713 commendatur.
1052 2651 1143 2733 Equi
1157 2661 1191 2714 et
1204 2661 1321 2714 caetera

367 2751 589 2816 itinerantibus
607 2750 789 2814 necessaria
810 2750 881 2832 ejus
901 2751 1084 2832 specialiter
1106 2750 1217 2812 usibus
1237 2771 1320 2832 prse-

367 2862 528 2935 parantur.
574 2849 640 2912 Sed
660 2849 731 2931 ipsc
754 2847 864 2912 audito
888 2848 1091 2931 proprietatis
1108 2849 1240 2913 nomine
1262 2871 1318 2913 ex·

368 2950 529 3034 pavescit3
559 2959 592 3012 st
610 2947 760 3012 universa
781 2947 878 3012 sociis
899 2948 1054 3031 praecepit
1071 2949 1319 3013 communicare.

368 3051 485 3133 Neque
500 3069 593 3112 snum
609 3067 679 3112 esse
695 3047 740 3111 nil
756 3048 819 3112 dici
842 3049 1016 3131 quicquam
1032 3048 1178 3127 solebat;
1207 3049 1266 3113 sed
1284 3061 1320 3115 nt

368 3149 430 3214 sibi
451 3161 485 3212 et
498 3148 648 3214 fratribus
663 3159 771 3212 essent
785 3149 979 3211 communia.
1028 3146 1123 3212 Unde
1138 3169 1211 3231 quae
1226 3149 1256 3212 ei
1272 3149 1318 3214 sic

368 3247 913 3332 offerebantur,omniarespuebatt
934 3247 1030 3312 etiam
1046 3269 1119 3333 quae
1129 3251 1321 3333 procurabat

369 3352 497 3417 devotio
511 3351 649 3425 illorum,
665 3347 721 3434 qui
736 3348 777 3412 ad
796 3350 859 3412 hoc
875 3359 1077 3414 accesserant
1097 3359 1134 3414 ut
1154 3351 1318 3415 hominem

368 3463 510 3516 nossent.
555 3452 619 3516 Die
634 3449 785 3535 quadam,
799 3447 875 3512 dum
891 3449 923 3511 iu
940 3447 1125 3514 dormitorio
1141 3450 1181 3515 ad
1201 3454 1319 3517 lectum

369 3552 547 3630 diverteret,
562 3551 714 3615 annulum
734 3548 851 3632 reperit
869 3569 1021 3624 aureum3
1043 3549 1100 3632 qui
1115 3549 1208 3634 cujus
1225 3551 1321 3615 suerit

369 3662 426 3716 aut
458 3652 545 3716 unde
580 3651 701 3715 venerit
733 3651 890 3714 hactenus
923 3652 1093 3728 ignoratur.
1153 3649 1319 3714 Creditum

371 3763 479 3816 tamen
504 3761 652 3815 osteum
680 3749 777 3814 fuisso
803 3747 899 3813 suuni
922 3745 1130 3829 pontificatus
1150 3749 1318 3815 indicium.

370 3853 493 3918 Invidit
502 3863 607 3915 autem
620 3851 768 3915 diabolus
779 3851 874 3914 saluti
884 3849 1066 3926 multorum,
1077 3871 1172 3933 quam
1184 3852 1321 3918 famulus

372 3953 437 4018 Dei
452 3952 651 4035 procurabat.
696 3952 742 4014 Et
763 3951 804 4014 ad
826 3971 897 4014 eum
920 3947 1065 4033 undique
1083 3954 1322 4017 confluentibus

372 4075 446 4120 suas
460 4050 614 4116 tendebat
628 4050 769 4114 insidias.
810 4053 858 4115 Ut
871 4049 914 4113 ad
929 4070 1068 4132 praeseus
1082 4052 1137 4116 alii
1148 4063 1324 4132 teneamur,

372 4155 464 4219 miles
482 4149 625 4237 quidam,
640 4147 786 4216 cadulus
807 4149 949 4228 nomine,
963 4147 1132 4215 devotione
1155 4163 1323 4236 concepta,

372 4275 407 4320 se
424 4266 524 4320 totum
541 4252 683 4316 Domino
699 4250 850 4334 precibus
865 4248 1053 4315 immolabat
1062 4273 1072 4327 ;
1095 4263 1129 4315 et
1142 4272 1220 4316 ecce
1233 4262 1325 4318 extra

373 4357 544 4422 ecclesiam
560 4356 647 4418 velut
661 4350 801 4418 scutiferi
824 4351 874 4414 sui
891 4370 1004 4413 rocem
1026 4351 1157 4432 audivit,
1171 4373 1272 4436 equos
1293 4365 1325 4420 et

416 4474 488 4520 von.
504 4475 534 4520 v.
844 4473 865 4516 n
