3625 5317
666 804 742 848 vrrs
759 799 875 846 sanent
890 798 1049 846 ansatur.
1271 784 1336 843 858

380 953 550 1020 consesmri
566 973 623 1018 sno
643 963 757 1017 natura
770 950 897 1037 lapidea
914 946 1102 1014 mirabiliter
1116 946 1230 1012 cedere
1246 945 1334 1011 ride-

381 1067 478 1122 retur.
525 1053 587 1122 His
608 1050 722 1116 diebus
744 1050 928 1138 capellanus
945 1049 1074 1138 quidam
1093 1049 1231 1135 episcopi
1255 1048 1335 1114 liol-

380 1157 487 1235 sensis,
503 1153 697 1243 professione
710 1151 896 1234 monachus,
911 1174 1037 1217 momm
1058 1151 1208 1237 opinione
1223 1151 1334 1216 lauda·

381 1259 464 1336 bilis,
484 1259 644 1323 Rnbertus
658 1255 799 1336 nornine,
815 1277 871 1340 per
890 1267 1022 1339 pontem
1039 1253 1219 1318 Lundonira
1233 1266 1335 1319 trans·

379 1357 459 1434 iens,
482 1357 568 1423 beati
593 1356 691 1444 patris
722 1355 867 1420 Anaelmi
896 1353 1108 1440 patrocinium
1137 1355 1198 1418 sibi
1223 1355 1334 1420 adesse

380 1461 478 1524 sensit
499 1471 532 1524 et
553 1458 679 1543 gavisus
701 1468 758 1524 est.
804 1455 916 1542 Equus
938 1457 1036 1532 enim,
1051 1456 1107 1542 qui
1129 1455 1285 1522 famulum
1301 1470 1335 1522 et

380 1561 536 1626 sarcinam
551 1559 725 1636 deferebat,
737 1558 806 1624 sina
819 1557 976 1623 serviente
987 1557 1118 1644 quidem
1133 1559 1191 1623 sed
1204 1570 1336 1624 onustus

379 1661 520 1742 sarcinis,
535 1661 651 1726 cecidit
672 1661 706 1726 iu
729 1661 924 1726 Tamensem
944 1660 1087 1728 fluvium.
1124 1663 1218 1728 Licet
1236 1663 1335 1747 igitur

380 1787 476 1851 super
489 1765 659 1830 amissione
678 1764 752 1852 equi
767 1776 801 1828 et
819 1785 926 1828 rerum
942 1763 1062 1829 moveri
1081 1764 1179 1852 possit
1193 1786 1333 1852 paupert

380 1867 461 1934 nihil
476 1881 582 1934 tamen
598 1865 802 1932 exulcerabat
817 1867 963 1932 animum
982 1867 1052 1952 ejus
1066 1866 1126 1932 nisi
1142 1889 1223 1932 unus
1237 1867 1334 1931 libro·

380 1993 451 2038 rum
468 1969 625 2051 Anselmi,
640 1992 737 2056 quem
752 1969 785 2034 in
800 1969 966 2034 sarcinulis
983 1970 1120 2056 positum
1135 1969 1287 2036 credebat
1300 1981 1335 2035 et

378 2073 510 2159 lugebat
534 2073 696 2138 amissum.
744 2072 809 2140 Sed
834 2093 925 2136 secus
954 2071 1079 2136 accidit.
1117 2077 1202 2138 Naar
1232 2093 1333 2159 quum

377 2174 496 2262 rsoepins
510 2174 655 2239 invocato
671 2188 760 2260 patre
777 2173 932 2239 Anselmo
949 2172 1144 2259 pervenisset
1158 2173 1199 2238 ad
1214 2173 1334 2258 ripam3

380 2299 512 2365 equum,
534 2275 706 2342 manticam
729 2297 802 2340 cum
822 2274 997 2356 sarcinulis,
1014 2274 1132 2340 librum
1153 2286 1336 2362 quoquest

380 2379 527 2443 universa
537 2399 611 2465 quae
620 2378 768 2443 amiserat
780 2377 880 2442 illaesa
889 2377 1020 2444 invenit.
1046 2377 1206 2443 Praeterea
1216 2377 1336 2442 Arnul·

380 2480 430 2546 lus
455 2501 561 2545 comes
583 2480 667 2545 filius
692 2480 810 2565 Rogeri
831 2480 873 2544 de
895 2479 1148 2566 Montagwyneri
1172 2478 1230 2566 [da
1254 2483 1336 2546 Nor-

380 2582 511 2648 mannia
532 2581 684 2667 Angliam
708 2583 829 2664 rediit]
861 2586 905 2646 Et
929 2583 1183 2669 primoquidem
1207 2605 1336 2669 prospe-

379 2695 470 2750 rante
485 2707 612 2749 cursum
625 2696 720 2747 vento
734 2684 767 2747 in
780 2682 923 2748 medium
938 2683 1028 2767 ponti
1038 2683 1164 2748 delatus
1177 2695 1235 2750 eat.
1259 2685 1335 2759 Quo

379 2787 561 2861 deficiente,
573 2785 709 2868 remiges
723 2783 921 2868 affliguntur;
944 2783 1060 2847 exinde
1075 2794 1143 2848 toto
1156 2783 1255 2848 biduo
1264 2785 1334 2868 jam

378 2885 603 2952 deficientibus
614 2885 783 2961 alimentis,
795 2883 995 2968 naufragium
1007 2885 1172 2970 patiuntur
1182 2886 1224 2950 ab
1237 2886 1336 2952 insta·

381 2989 503 3056 bilitata
515 3000 548 3052 et
563 3009 669 3052 errore
681 2999 859 3052 ventorum.
898 2985 1048 3052 Tandem
1063 3008 1137 3052 vero
1151 2988 1192 3052 ad
1205 2989 1333 3058 beatum

381 3092 570 3158 Anaelmum
589 3111 757 3154 conseram
775 3111 882 3154 comes
901 3089 1002 3153 socios
1021 3089 1142 3174 rogavit
1160 3101 1194 3156 et
1211 3104 1334 3169 nautas,

381 3205 418 3260 ut
432 3194 527 3259 beato
543 3193 703 3273 Anselmo,
718 3215 815 3280 quem
830 3203 995 3268 noverant,
1011 3204 1044 3257 et
1058 3192 1100 3256 de
1114 3193 1205 3278 cujus
1219 3195 1335 3259 sancti-

381 3307 446 3360 tate
457 3316 519 3358 uon
531 3293 734 3374 dubitabant,
742 3305 841 3358 totam
853 3293 1091 3358 committerent
1100 3315 1224 3361 navem.
1249 3298 1333 3361 Nam

377 3395 435 3484 qui
465 3415 592 3480 semper
621 3394 797 3460 misericors
826 3394 942 3471 extitit,
971 3395 1050 3460 dum
1079 3397 1230 3462 mortales
1257 3420 1332 3463 eum

380 3496 578 3562 retardarent
593 3495 726 3573 exuviae,
743 3519 805 3560 uon
826 3495 1012 3561 delutumm
1027 3497 1223 3582 supplicibus
1242 3499 1336 3584 polli-

379 3610 488 3677 cetur3
514 3621 614 3685 quum
637 3619 741 3684 nuper
756 3603 828 3666 Deo
840 3598 973 3682 junctus
988 3609 1023 3661 et
1037 3596 1126 3660 nullo
1142 3599 1336 3684 praepeditus

378 3699 543 3765 obstaculo
557 3699 703 3786 ampliori
718 3701 839 3766 ferveat
854 3699 996 3766 caritate.
1042 3702 1253 3764 Assenserant
1266 3723 1337 3765 orn-

380 3821 454 3878 nes3
477 3813 511 3865 et
524 3803 578 3866 rix
592 3803 652 3867 sub
668 3802 727 3867 lroc
742 3815 817 3868 voto
828 3800 1034 3868 Dominicam
1047 3799 1234 3867 Orationem
1249 3824 1337 3867 corn·

379 3902 564 3988 plorarent;
596 3917 629 3966 et
647 3925 722 3967 ecce
738 3902 864 3968 nebulis
885 3901 1054 3986 dissipatis,
1068 3917 1165 3967 vento
1185 3925 1336 3991 prospero

378 4025 444 4090 quo
473 4001 639 4068 voluerant
667 4005 700 4067 in
732 4003 883 4087 Angliam
913 4003 1109 4069 deferuntur.
1161 4005 1335 4072 Venientes

380 4103 501 4167 curiam
515 4103 608 4188 regis,
619 4103 684 4187 regi
695 4115 728 4166 et
739 4103 809 4167 aliis
819 4102 896 4190 quid
914 4102 975 4168 sibi
988 4104 1169 4169 acciderant
1178 4105 1335 4184 referunt3

380 4214 415 4269 et
425 4204 458 4268 in
469 4204 597 4270 laudem
610 4203 729 4290 egregii
745 4204 931 4270 confessoris
940 4206 1083 4271 omnium
1095 4205 1334 4274 exaudientium

380 4325 435 4370 ora
449 4304 605 4371 laxantur.
651 4306 702 4371 Ad
717 4307 786 4370 baec
803 4327 886 4370 unus
902 4306 1180 4372 cantuariensium
1201 4308 1334 4378 fratrum

381 4405 421 4469 de
446 4419 531 4471 statu
556 4406 655 4492 patris
683 4406 825 4473 Anselmi
850 4404 944 4471 raldo
966 4406 1128 4486 sollicitus,
1157 4409 1334 4483 Dominum

425 4525 497 4571 vot.
520 4526 550 4570 v.
848 4525 904 4571 aa
