3625 5317
397 790 470 839 car.
489 770 539 853 v.]
736 784 981 837 uarstosrcns.
1294 776 1350 837 161

395 964 528 1009 monum
549 954 647 1029 auget
668 956 725 1007 eut
745 942 873 1018 minuit,
893 954 997 1008 mutat
1017 950 1076 1007 sut
1094 954 1238 1022 evacuat,
1252 942 1350 1028 signi-

396 1045 569 1111 ficationes.
614 1041 713 1119 Quod
738 1054 827 1131 patet
851 1044 883 1109 in
907 1068 946 1109 eo
970 1044 1057 1132 quod
1079 1057 1127 1110 est
1151 1045 1349 1131 contingens,

394 1147 490 1236 cujus
520 1146 694 1213 latissimus
716 1169 803 1224 usus,
833 1169 900 1233 quo
922 1146 1065 1234 possibili
1092 1147 1293 1234 sequabatur,
1314 1149 1347 1213 in

395 1250 557 1316 communi
581 1248 805 1315 modernorum
828 1272 888 1316 usu
913 1249 1049 1337 parietes
1071 1249 1248 1315 scholarum
1273 1273 1350 1316 nus·

396 1375 495 1440 quam
516 1352 691 1439 egreditur.
738 1352 793 1417 Ad
809 1355 877 1419 haec
897 1352 1076 1439 subjungit,
1091 1352 1178 1418 uude
1191 1352 1348 1418 idoneitas

340 1512 344 1523 .
396 1454 607 1541 syllogizandi
629 1454 807 1543 proveniat,
829 1455 981 1541 quoniam
1007 1477 1120 1542 parum
1147 1466 1196 1519 est
1219 1476 1349 1539 genera-

395 1558 514 1622 tionem
540 1580 631 1625 nosse
654 1556 925 1643 syllogismorum,
949 1556 1009 1621 nisi
1031 1557 1105 1641 quis
1123 1569 1156 1622 et
1172 1559 1345 1642 potentiam

393 1660 511 1726 habeat
525 1661 671 1727 iacieudi.
704 1659 858 1745 Sequitur
869 1659 951 1724 ratio
961 1657 1134 1723 reducendi
1150 1657 1348 1745 syllogismos

394 1762 429 1827 in
443 1764 555 1847 prime
574 1764 688 1851 figuras
707 1760 833 1827 modos:
856 1772 889 1825 et
909 1758 954 1826 sic
975 1760 1068 1848 primi
1093 1760 1166 1826 libri
1180 1762 1347 1848 conceptio

394 1862 567 1932 clauditur.

550 2054 629 2141 Cap
645 2060 675 2121 5.
701 2056 796 2131 Quod
807 2052 850 2117 ait
864 2054 1026 2136 conceptio
1038 2055 1180 2119 secundi.

438 2170 617 2237 Sscnnuus
628 2185 735 2238 autera
748 2170 861 2236 transit
874 2167 916 2236 ad
928 2169 1081 2236 rationem
1090 2169 1259 2248 inferendi,
1271 2192 1347 2258 quse

394 2270 428 2337 in
450 2270 584 2337 formam
604 2273 814 2339 conclusionis
832 2285 935 2359 patet,
950 2270 1102 2360 adjiciens
1123 2272 1285 2359 quomodo
1303 2298 1346 2341 ex

393 2374 483 2439 salsis
497 2374 529 2438 is
545 2376 683 2441 secunda
704 2386 738 2440 et
752 2378 846 2441 tertis
867 2374 971 2461 ligura
990 2396 1101 2440 verum
1121 2374 1346 2461 syllogizetur3

393 2474 483 2562 quod
498 2498 551 2540 eos
565 2476 649 2542 forte
663 2474 818 2567 preterit,
830 2476 888 2563 qui
911 2498 950 2541 ex
972 2474 1053 2541 falso
1072 2475 1150 2540 nihil
1167 2479 1256 2565 sequi
1271 2502 1347 2545 con·

394 2576 541 2643 tendunt.
587 2578 712 2645 Deinde
728 2578 768 2643 ad
784 2577 952 2644 circulares
974 2578 1181 2665 progreditur
1200 2580 1345 2668 syllogis-

392 2702 473 2756 mos,
495 2691 527 2744 et
550 2701 603 2744 eos
625 2679 656 2743 in
679 2679 827 2745 omnibus
851 2680 963 2765 liguris
987 2679 1175 2763 exequitur:
1200 2695 1276 2746 tunc
1302 2682 1345 2747 ad

392 2780 611 2846 conversiones
627 2781 884 2869 syllogismorum
900 2780 934 2843 in
949 2779 1035 2843 omni
1054 2780 1169 2864 ligura.
1213 2782 1262 2846 Ut
1277 2782 1347 2868 qui-

391 2881 463 2947 dem
480 2882 659 2965 imperfecti
674 2880 806 2947 redeant
820 2879 860 2943 ad
876 2880 1042 2965 periectos,
1057 2888 1090 2943 et
1108 2878 1249 2945 omnium
1265 2882 1346 2949 fides

391 2984 510 3069 paritor
525 2983 694 3057 elucescat,
708 2984 770 3045 ista
784 2979 969 3065 precedunt
984 3002 1058 3065 quas
1072 2978 1202 3046 directae
1220 2984 1346 3048 ratioci-

390 3085 528 3150 nationis
539 3084 643 3148 l'orma
654 3097 714 3149 est:
731 3081 939 3169 subjungitur
949 3081 1029 3148 ratio
1038 3081 1260 3171 hypotheseos,
1271 3107 1345 3173 quae

390 3184 1343 3274 necessitateimpossibiliseventus,sutnonprobabilis,pro·

391 3289 532 3373 positum
554 3288 680 3353 astruit.
727 3284 829 3373 Cujus
851 3284 979 3371 quidem
998 3285 1079 3351 ratio
1098 3298 1157 3360 est,
1177 3299 1214 3353 ut
1229 3284 1256 3352 si
1269 3312 1344 3353 oon-

391 3385 535 3452 rludenti
551 3407 613 3449 non
628 3384 854 3472 adquiescatur
867 3396 998 3470 sumpta
1012 3384 1256 3453 contradictoria
1269 3411 1344 3455 cou-

391 3486 554 3565 clusionis,
565 3500 598 3552 et
607 3486 707 3553 altera
718 3506 951 3563 concessarum,
962 3486 1072 3573 eisque
1081 3486 1115 3551 in
1124 3487 1227 3575 prima
1237 3490 1342 3573 ligura

391 3590 564 3677 dispositis,
578 3588 747 3674 colligatur
761 3589 945 3675 oppositum
960 3588 1097 3676 alicujus
1110 3612 1339 3657 concessarum.

392 3690 492 3768 Quod
501 3690 639 3778 qualiter
647 3692 680 3755 in
695 3689 781 3755 omni
790 3690 895 3776 ligura
905 3690 975 3769 liat,
989 3689 1145 3755 ostendit:
1168 3714 1342 3782 omnesque

390 3791 513 3873 modos,
522 3791 812 3881 perimpossibilem
823 3804 984 3868 eventum,
992 3814 1083 3858 veros
1096 3816 1164 3859 esse
1172 3794 1340 3866 convincit.

391 3895 447 3960 Ad
471 3896 539 3961 haec
567 3895 716 3983 qualiter,
738 3908 771 3959 et
795 3895 828 3958 in
851 3917 917 3981 que
939 3894 1042 3981 figura
1063 3894 1270 3983 syllogizetur
1299 3925 1340 3967 ex

390 3997 661 4087 propositionibus
682 3995 847 4084 oppositis,
868 3996 1005 4062 fideliter
1018 3997 1132 4085 sperit.
1176 4002 1294 4087 Adjicit
1308 4016 1342 4068 et

390 4099 532 4187 regulam
555 4098 719 4187 petitionis
740 4097 897 4185 principii,
914 4121 989 4184 quas
1011 4098 1185 4187 speculatio
1207 4114 1272 4166 tam
1287 4102 1343 4167 de·

390 4201 606 4279 monstratori,
624 4220 722 4286 quarn
743 4198 910 4264 dialectico
928 4198 1004 4263 satis
1023 4197 1260 4264 accommodata
1272 4212 1341 4265 est:

390 4301 461 4367 licet
475 4303 527 4367 hic
536 4302 766 4390 probabilitate
774 4300 926 4382 gaudent,
938 4300 992 4364 ille
1003 4294 1172 4365 veritatem
1182 4300 1341 4367 duntaxat

389 4404 610 4491 amplectetur.
652 4402 810 4469 Praeterea
820 4406 845 4469 si
857 4424 920 4466 non
930 4422 1024 4467 causa
1034 4414 1173 4488 portetur
1185 4415 1222 4468 ut
1233 4426 1339 4484 causa,

432 4526 505 4573 von.
523 4528 562 4571 v.1
860 4509 954 4569 rt!
