3625 5317
782 769 1002 816 nurnnncue.
1306 753 1369 813 29⁷

550 919 658 983 Nullo
671 929 757 984 seete
771 922 841 984 eine
852 923 965 1004 pretio
980 921 1083 985 libero
1097 919 1232 1000 oseem.

414 1019 574 1095 Quaelibet
588 1020 738 1100 admittit,
752 1023 780 1086 ei
795 1022 879 1086 desit
895 1023 1009 1104 gratia,
1025 1024 1141 1088 suetum

499 1121 605 1198 Secta,
620 1143 680 1185 nee
696 1123 766 1188 haec
783 1135 869 1186 ercet
883 1145 981 1207 parve
996 1125 1045 1188 vel
1060 1124 1170 1206 ampla
1184 1120 1316 1199 domum

416 1219 490 1285 Non
507 1222 594 1301 fecit,
609 1234 644 1287 ut
655 1225 772 1307 sapies,
783 1224 911 1288 habitus
920 1246 1104 1310 nomenque
1115 1224 1269 1306 magistri,
1286 1226 1369 1287 1825

502 1322 573 1388 Neo
589 1326 793 1389 convivarum
809 1329 902 1389 turbe
916 1328 1011 1390 beare
1025 1337 1151 1410 potest3

416 1424 492 1487 Non
507 1434 605 1508 ceput
618 1437 790 1504 attonsum,
804 1446 869 1488 non
885 1427 983 1490 vestis
997 1427 1086 1510 pulle
1099 1428 1150 1489 vel
1163 1428 1238 1490 ulbe

500 1525 548 1590 Te
563 1528 659 1591 trahit
673 1527 715 1590 ad
730 1529 838 1606 vitem,
853 1529 954 1609 gratie
969 1529 1039 1592 sola
1053 1528 1166 1605 trehit3

416 1625 501 1688 Num
517 1628 606 1690 stulti
621 1641 756 1712 possunt
769 1630 803 1692 in
819 1630 933 1714 quevis
947 1639 1033 1692 reete
1049 1628 1162 1712 perire,

501 1726 695 1792 Redduntur
709 1729 781 1792 ritae
797 1729 927 1813 praemie
941 1730 1030 1792 uuita
1045 1741 1138 1811 togae.
1286 1732 1371 1793 1880

416 1826 563 1892 Oderunt
578 1849 701 1907 verum,
718 1829 804 1916 quod
819 1830 971 1894 honestes
986 1831 1106 1908 sanxit,
1119 1831 1302 1908 abhorrent,

505 1928 601 1995 Unde
618 1930 665 2008 tit,
681 1943 716 1995 ut
731 1933 810 1996 caeci
824 1934 1069 2018 praecipitesque
1083 1944 1187 1997 ruent.

417 2031 554 2115 Excipit
569 2033 717 2097 Infernus
732 2049 901 2119 pereuntes
916 2046 1003 2100 reste
1018 2047 1149 2114 remoto,

506 2131 575 2198 Nee
592 2135 708 2200 minuit
723 2158 852 2220 poenem
868 2149 950 2202 tetra
963 2139 1013 2202 vel
1028 2136 1102 2203 ulbu
1116 2159 1217 2202 ertum.

720 2239 906 2302 Benedictio
921 2240 1065 2304 viam

419 2337 510 2422 Saepe
526 2338 582 2402 diu
597 2342 730 2408 multum
747 2345 867 2422 monui,
882 2365 969 2407 nune
984 2345 1097 2429 accipe
1112 2363 1227 2428 peuce,
1289 2347 1371 2407 1885

505 2441 585 2514 Quae
600 2440 683 2506 bene
699 2442 776 2508 dum
792 2466 910 2521 serres,
926 2467 976 2509 res
991 2444 1053 2508 tibi
1066 2447 1157 2508 nuile
1170 2454 1281 2509 nocet:

417 2541 526 2606 Flecte
542 2565 638 2624 genu,
654 2544 804 2612 submitte
820 2558 930 2632 capnt,
945 2546 1135 2612 benedictus
1150 2546 1250 2624 abito,

504 2644 598 2729 Saepe
613 2648 744 2711 maturis
759 2649 876 2730 profuit
890 2649 953 2710 iste
966 2668 1091 2711 manus.

418 2744 524 2810 Verba
539 2747 602 2810 Dei
619 2749 755 2812 forment
771 2749 922 2822 animum,
937 2749 1143 2830 linguamque
1158 2749 1335 2829 refrenent,

505 2844 577 2908 Sint
591 2845 704 2908 eudem
718 2846 790 2908 ritae
806 2845 943 2908 formula
957 2856 1045 2909 certe
1059 2858 1139 2922 tuae3
1288 2851 1372 2911 1840

417 2945 856 3028 Duigetaffeotus,1inguam
873 2957 1045 3029 componet
1061 2955 1094 3008 et
1109 2955 1201 3010 notun

507 3044 630 3122 Gratia,
645 3046 671 3107 si
687 3043 787 3110 tribus
801 3047 851 3110 his
867 3067 965 3110 ceusu
978 3048 1020 3109 eit
1034 3069 1098 3111 nun
1113 3048 1215 3110 Deus.

669 3147 757 3222 Quin
770 3147 850 3210 liber
865 3149 991 3211 auctori
1004 3147 1125 3213 debent.

421 3244 560 3312 Cuilibet
577 3247 699 3311 auctori
714 3245 868 3310 debentur
877 3247 951 3332 jure
965 3247 1099 3330 perenni

508 3348 717 3433 Obsequium,
732 3351 848 3426 cultus,
864 3350 1027 3414 officiosus
1041 3371 1137 3414 emor.

422 3454 529 3528 Quum
545 3451 682 3516 tenearis
696 3451 737 3514 ad
751 3452 833 3531 haec,
849 3452 988 3516 animum
1005 3452 1133 3516 lectoris
1146 3453 1245 3515 enrici
1290 3454 1372 3514 1815

507 3555 638 3620 Auotori
654 3554 785 3618 studeas
800 3552 973 3618 conciliare
990 3565 1056 3629 tuo,

420 3657 466 3720 Et
480 3678 689 3742 quoscunque
704 3666 808 3740 potes,
822 3653 973 3720 inducere
989 3673 1087 3737 perge
1102 3652 1229 3730 fideles,

508 3759 555 3823 Ut
569 3779 627 3842 pro
642 3781 693 3823 me
710 3758 873 3823 Christum
889 3755 1060 3820 sollicitere
1074 3754 1183 3818 velint.

424 3857 488 3920 Sed
503 3858 581 3942 quid
597 3861 698 3922 multu
712 3857 841 3923 moror?
865 3876 1020 3942 properus
1035 3856 1139 3932 exire;
1162 3856 1279 3934 videto,

507 3952 592 4028 Quid
605 3955 705 4018 faciae
711 3977 720 4032 3
743 3966 884 4038 coeptum
899 3951 1018 4037 perfice
1033 3962 1146 4016 cnutus
1159 3950 1239 4028 iter3
1289 3953 1374 4014 1850

423 4057 470 4120 Ut
484 4055 602 4127 valeus,
619 4064 825 4117 memoresto
842 4055 907 4130 tui;
930 4053 957 4116 ei
971 4061 1080 4135 gratus
1094 4050 1205 4116 heberi

508 4155 577 4228 vis,
595 4174 671 4220 cure
686 4174 812 4237 semper
828 4155 931 4220 virere
946 4154 1018 4238 lege
1033 4154 1107 4219 Dei.
