3625 5317
470 790 512 849 62
714 802 850 850 sossius
866 802 1144 849 ssaasnarusssrs
1285 786 1368 866 [am.
1385 808 1422 853 11.

470 955 511 1020 ab
526 955 665 1019 humana
676 956 901 1020 constitutione
913 954 1101 1039 plerumque
1113 954 1253 1040 vigorem
1270 970 1416 1022 sumunt:

470 1070 501 1121 et
517 1056 603 1142 quod
626 1056 763 1144 publicae
784 1055 917 1121 utilitati
936 1054 1078 1120 creditur
1098 1056 1260 1142 expedire,
1279 1059 1418 1124 naturali

465 1159 601 1246 justitiae
627 1171 822 1245 coequatur.
875 1157 1029 1224 Nondum
1059 1172 1166 1223 tamen
1194 1158 1342 1225 absoluta
1370 1174 1419 1225 est

471 1261 603 1345 Logica,
618 1283 728 1347 quam,
741 1261 799 1325 etsi
811 1260 944 1329 mutilus
955 1259 1008 1338 sit,
1018 1271 1050 1323 et
1062 1260 1199 1344 amplius
1208 1260 1418 1339 mutilandus,

470 1364 658 1429 Cornificius
683 1364 835 1451 parietem
863 1362 1000 1427 solidum
1025 1364 1133 1428 caeeati
1157 1387 1245 1427 more
1272 1363 1418 1449 palpans,

468 1464 672 1551 impudenter
706 1477 853 1543 attentat,
890 1479 923 1529 et
959 1463 1178 1550 impudentius
1219 1466 1416 1532 criminatur.

468 1566 592 1653 Utique
606 1566 748 1632 veritatis
762 1567 895 1631 amatori
916 1588 977 1630 non
999 1565 1125 1651 placent
1135 1566 1257 1651 jurgia,
1272 1580 1304 1630 et
1320 1566 1417 1646 ultro,

469 1668 586 1733 nedum
617 1681 740 1756 sponte,
768 1692 801 1732 se
830 1667 992 1733 subtrahit
1030 1670 1238 1745 contentioni,
1268 1668 1417 1754 quisquis

468 1770 672 1859 amplectitur
692 1772 866 1837 caritatem.
912 1770 973 1851 Sit,
987 1782 1043 1833 aut
1064 1791 1127 1833 non
1142 1769 1195 1849 sit,
1209 1771 1418 1855 grammatica

468 1894 543 1960 pars
568 1873 694 1958 logices,
718 1896 779 1937 non
803 1870 979 1936 contendo:
1009 1882 1133 1935 constat
1155 1871 1251 1949 enim,
1271 1872 1360 1956 quod
1383 1874 1417 1936 in

469 1974 668 2037 sermonibus
683 1974 830 2053 vertitur,
841 1995 960 2057 eosque
974 1972 1147 2047 ministrat,
1156 1972 1216 2036 etsi
1231 1994 1295 2036 non
1308 1994 1418 2039 omues

468 2095 647 2138 sermonum
672 2075 831 2139 examinet
854 2073 1003 2139 rationes.
1054 2072 1109 2139 Tu
1135 2096 1211 2139 vero
1232 2073 1285 2138 cui
1314 2076 1355 2139 de
1380 2099 1416 2139 re

467 2187 602 2252 constat,
616 2174 657 2239 de
678 2178 803 2238 nomine
820 2174 993 2260 judicabis,
1013 2197 1148 2261 eamque
1168 2175 1292 2240 cunctis
1312 2175 1416 2262 appli-

466 2276 554 2341 cabis
576 2276 789 2343 sermonibus:
821 2288 878 2341 aut
900 2276 984 2339 cirea
1005 2276 1165 2341 rationum
1186 2276 1345 2341 duntaxat
1367 2277 1414 2341 in·

468 2379 616 2443 stantiam
636 2378 821 2443 coarctabis.
866 2382 940 2443 Non
963 2377 1101 2443 formido
1115 2377 1288 2463 judicium,
1303 2380 1361 2465 qui
1381 2392 1413 2442 et

467 2479 508 2543 de
530 2480 682 2566 aequitate
700 2502 815 2567 causa,
835 2492 867 2545 et
885 2479 1006 2566 judicis
1024 2480 1151 2565 peritia,
1173 2493 1206 2546 et
1225 2480 1415 2562 sinceritate,

466 2580 603 2646 confido.
649 2582 871 2669 Respiciamus
892 2602 972 2668 ergo
992 2605 1032 2645 an
1047 2587 1229 2660 rationalis,
1250 2582 1339 2647 utilis
1358 2583 1412 2659 sit,

467 2698 500 2751 et
515 2686 596 2752 vires
618 2689 698 2775 ejus,
720 2686 896 2753 reluctante
918 2685 1046 2762 aemulo,
1060 2685 1239 2752 metiamur.
1285 2686 1325 2749 ln
1348 2708 1415 2773 quo

465 2789 609 2876 quidem,
634 2790 852 2855 tantominus
876 2788 994 2853 laboris
1017 2811 1088 2853 meo
1116 2787 1273 2853 incumbit
1297 2786 1413 2863 officio,

465 2904 588 2979 quanto
601 2893 740 2958 favorem
759 2914 851 2959 suum
873 2890 969 2957 etiam
983 2890 1064 2956 eitra
1077 2889 1322 2976 persuasionem,
1336 2889 1414 2953 faci-

465 2994 528 3060 lius
550 2994 704 3083 impendit
724 2995 863 3059 auditor.
907 2996 1026 3058 Omnes
1045 2992 1127 3056 enim
1151 3014 1184 3055 se
1203 3012 1273 3055 esse
1292 2989 1414 3076 logicos

464 3096 652 3182 gloriantur,
663 3120 725 3160 non
741 3096 837 3160 modo
852 3096 909 3181 qui
925 3094 1086 3158 scientiam
1102 3093 1265 3179 aliquibus
1277 3114 1414 3177 supera·

463 3208 578 3261 oerum
600 3194 773 3274 blanditiis,
793 3194 847 3257 sed
869 3207 901 3258 et
919 3192 977 3272 illi,
996 3193 1053 3279 qui
1076 3216 1144 3258 eam
1165 3194 1308 3258 nondum
1330 3194 1413 3260 salu·

465 3306 614 3360 taverunt
629 3316 647 3357 a
664 3292 791 3357 lumine.

463 3558 544 3643 Cap.
563 3560 590 3620 l.
615 3555 710 3624 Quod
722 3556 836 3636 topica,
846 3574 881 3617 eo
893 3553 979 3638 qaod
990 3572 1098 3617 amum
1115 3554 1296 3639 queritari
1308 3561 1409 3619 totam

736 3656 870 3740 proficit
880 3656 1129 3740 philosophiam.

505 3817 562 3881 Ur
581 3816 691 3901 itaque
711 3814 846 3880 nominis
864 3813 1053 3901 significatio
1073 3815 1289 3891 contrahatur,
1304 3814 1408 3901 logica

462 3928 510 3979 est
538 3917 621 3980 ratio
656 3914 840 3997 disserendi,
871 3937 928 4002 per
963 3937 1060 4002 quam
1098 3915 1199 3979 totius
1229 3914 1409 4002 prudentia.¹

461 4017 595 4101 agitatio
609 4017 775 4082 solidatur.
806 4019 913 4095 Quum
930 4017 1013 4081 enim
1028 4018 1170 4079 omnium
1186 4015 1409 4102 expetibilium

463 4118 567 4204 prima
588 4118 629 4184 sit
649 4118 813 4205 sapientia,
828 4118 994 4205 ipsiusque
1013 4117 1139 4180 fructus
1156 4117 1189 4180 in
1206 4137 1312 4181 amore
1332 4118 1408 4182 boni

462 4232 494 4284 et
516 4220 674 4285 virtutum
700 4220 790 4285 cultu
817 4219 978 4299 consistat,
999 4230 1135 4282 mentem
1158 4230 1354 4297 necessust
1374 4222 1408 4283 in

462 4322 548 4389 illius
562 4321 805 4409 investigatione
816 4321 946 4398 versari,
961 4332 993 4385 et
1008 4342 1069 4398 res,
1085 4320 1179 4407 plena
1194 4319 1410 4406 inquisitione,

461 4422 629 4503 discutere,
644 4437 681 4489 ut
704 4424 788 4489 eide
809 4419 943 4508 singulis
961 4442 1030 4486 esse
1052 4421 1151 4507 possit
1173 4442 1291 4508 purum
1307 4422 1410 4485 inoor-
