3625 5317
404 825 495 873 sacr.
514 807 566 888 m]
701 824 743 873 na
761 824 892 872 sarran
907 822 1076 871 sarranis.
1293 807 1357 867 ata

402 978 518 1042 matico
541 976 728 1061 regulariter
745 977 887 1064 proferre
905 991 937 1040 et
952 996 1111 1039 enormem
1128 972 1202 1037 vitoe
1220 971 1353 1057 gibbum

400 1081 505 1143 ferre?
539 1080 627 1156 Quid
653 1080 774 1144 confert
800 1078 975 1154 dialectico,
1000 1076 1254 1164 propositionum
1281 1094 1354 1159 pro·

398 1182 538 1245 blemata
552 1182 631 1245 scire
652 1193 686 1245 et
706 1204 810 1245 mores
831 1181 998 1264 ambiguos
1016 1193 1049 1245 et
1064 1178 1192 1243 fallaces
1211 1176 1352 1241 habere?

398 1280 457 1347 Ille
480 1303 557 1366 ergo
582 1303 707 1369 oeqnam
736 1282 911 1347 dialecticae
936 1284 1018 1346 viam
1044 1280 1203 1367 sequitur,
1227 1292 1261 1342 et
1286 1291 1350 1342 tam

396 1405 493 1471 opere
530 1405 626 1471 quam
662 1406 805 1448 sermone
834 1383 988 1449 veraciter
1016 1395 1270 1468 argumentatur,
1293 1380 1349 1464 qui

397 1508 506 1550 verum
522 1510 541 1550 a
556 1485 646 1560 falso,
660 1499 782 1550 rectum
798 1508 816 1549 a
832 1507 931 1549 curvo
945 1482 1120 1549 dividendo
1133 1482 1348 1547 ratiocinatur.

398 1588 486 1665 Quid
524 1587 654 1675 prodest
691 1587 861 1667 rhetorico,
897 1586 1090 1671 eloquentiae
1129 1584 1350 1669 pompositate,

396 1690 567 1755 verborum
597 1689 775 1755 urbanitate
800 1689 941 1775 gloriari,
967 1706 999 1753 et
1023 1688 1131 1773 lingua
1160 1686 1351 1749 mercenaria

399 1794 466 1856 uti?
490 1792 554 1856 Hic
569 1814 645 1875 ergo
661 1790 691 1855 in
709 1793 758 1854 via
774 1802 863 1856 recta
881 1789 1047 1855 rhetoricis
1065 1788 1207 1873 vestigiis
1221 1786 1350 1862 incedit,

398 1893 454 1979 qui
478 1894 590 1978 lingua
614 1893 756 1957 censoria
782 1892 921 1957 rotunda
945 1891 1106 1957 auditores
1131 1888 1352 1977 persuadendo

397 1993 649 2070 commonefacit,
666 2005 696 2056 et
712 1993 753 2057 de
764 1994 837 2078 jure
853 1996 965 2057 stricto
979 1994 1012 2055 in
1028 2013 1157 2079 acquum
1173 1980 1351 2055 revocando

394 2094 535 2159 instruit.
580 2093 748 2177 sicigitur
764 2093 892 2157 trivium
912 2092 1111 2179 eloquentem
1129 2091 1245 2166 reddit,
1261 2089 1349 2154 etad

395 2197 527 2262 virtutes
537 2197 604 2259 vias
614 2196 778 2261 construit.
815 2194 899 2273 Quid
916 2196 1043 2282 prodest
1053 2193 1349 2281 peraritlimeticam

397 2317 575 2374 numerare,
589 2308 621 2359 et
636 2294 755 2381 digitos
770 2310 801 2359 et
817 2295 957 2360 calculos
970 2296 1112 2362 avaritia
1127 2294 1350 2359 commodare?

398 2400 497 2462 Recte
512 2418 589 2481 ergo
604 2396 684 2460 viam
701 2396 922 2475 arithmeticas,
938 2397 970 2462 id
983 2410 1029 2462 est
1043 2398 1214 2462 virtuosam
1229 2397 1351 2460 numeri

399 2501 493 2579 viam,
517 2497 708 2584 ingreditur,
732 2500 788 2585 qui
814 2522 870 2585 per
896 2500 1076 2585 quinarium
1104 2501 1212 2586 Moysi
1237 2503 1351 2565 Penta-

397 2602 546 2665 teuchum
564 2614 595 2665 et
611 2603 680 2687 ejus
696 2606 880 2687 mysterium
897 2602 1097 2687 aggreditur,
1109 2623 1167 2688 per
1185 2602 1350 2666 denarium

397 2702 582 2788 decalogum
600 2702 832 2788 complectitur,
847 2724 904 2787 per
916 2702 1073 2765 binarium
1086 2715 1180 2767 vetus
1190 2714 1220 2765 et
1231 2722 1350 2765 novum

395 2818 617 2870 testamentum
648 2801 785 2865 fideliter
814 2800 1032 2887 amplectitur:
1067 2802 1124 2887 qui
1153 2823 1211 2888 per
1240 2823 1348 2865 omnes

395 2928 542 2970 numeros
563 2904 755 2989 adjiciendo,
779 2902 963 2977 muniendo,
986 2902 1169 2979 dividendo,
1192 2904 1349 2989 multipli-

395 3007 506 3084 cando,
519 3007 695 3084 historiam,
706 3005 901 3090 allegoriam,
913 3004 1134 3091 tropologiam,
1142 3017 1173 3068 et
1185 3028 1348 3090 anagogen

395 3108 529 3172 fideliter
541 3107 771 3191 complectitur.
797 3106 881 3183 Quid
895 3106 1017 3171 confert
1029 3106 1159 3185 unifico,
1171 3130 1349 3193 pergraves

394 3222 424 3275 et
434 3220 543 3274 acutos
552 3224 724 3274 concentus
734 3208 891 3293 disparem
901 3231 1194 3274 sonumccnoonnm
1205 3209 1348 3290 reddere,

395 3326 426 3376 et
442 3334 563 3376 morum
581 3310 748 3375 concordia
763 3314 893 3375 carere?
919 3310 979 3375 Ille
989 3334 1066 3397 ergo
1078 3312 1255 3377 unificalem
1266 3314 1348 3378 riam

395 3412 517 3499 arripit,
531 3412 587 3499 qui
602 3414 698 3475 vitam
713 3413 781 3476 voci
793 3433 960 3477 consonam
972 3413 1087 3479 reddit.
1122 3414 1206 3492 Quid
1217 3416 1348 3481 interest

393 3528 513 3593 nostra,
533 3512 735 3577 multimodas
755 3513 876 3598 figuras
897 3527 929 3577 et
947 3535 1046 3594 areas,
1065 3514 1221 3599 podismo,
1244 3517 1346 3593 radio,

394 3613 484 3695 lituo,
496 3627 528 3679 et
543 3614 678 3678 embado
694 3616 774 3680 scire
788 3614 942 3690 dividere,
955 3614 980 3678 si
997 3616 1145 3680 nolumus
1159 3640 1231 3682 cnm
1247 3619 1346 3685 fratre

393 3716 557 3780 dividere?
587 3715 679 3801 quid,
703 3714 728 3779 si
751 3717 868 3779 scimus
888 3738 947 3802 per
967 3716 1156 3782 diametrum
1180 3721 1346 3802 circulum,

392 3840 449 3905 per
464 3814 617 3881 circulum
634 3816 834 3890 diametrum,
851 3838 909 3901 per
924 3832 1096 3904 utrumque
1111 3822 1220 3886 circuli
1241 3845 1346 3889 ariam

392 3920 544 3993 invenire,
571 3932 603 3982 et
633 3918 772 3980 animum
804 3916 893 3981 nullo
922 3940 1078 3982 mensurae
1107 3922 1202 3986 moda
1227 3947 1345 4008 regere.

394 4020 428 4084 Is
444 4020 542 4105 igitur
556 4018 808 4103 geometricalem
827 4021 909 4081 viam
922 4019 1023 4104 aequis
1034 4042 1190 4087 mensurae
1200 4026 1346 4107 passibus

390 4120 583 4205 incedit,qni
596 4119 627 4182 in
641 4142 673 4181 se
685 4118 901 4192 sobrietatem,
912 4119 945 4181 in
958 4119 1036 4183 alios
1047 4121 1178 4185 modum
1190 4137 1221 4186 et
1234 4146 1344 4192 mensu

393 4244 458 4284 ram
473 4244 704 4307 usquequaque
716 4219 864 4285 custodit.
912 4220 997 4298 Quid
1011 4223 1107 4285 refert
1119 4222 1261 4287 docentis
1272 4232 1345 4293 coeli

391 4324 525 4387 situmet
534 4321 736 4387 habitudines
746 4320 1343 4407 stellaruminastrolabioconsiderare,

393 4436 424 4486 et
440 4422 648 4486 sibi-minime
669 4420 858 4506 providere?
882 4422 973 4506 quid,
990 4423 1015 4484 si
1039 4424 1155 4486 scimus
1176 4446 1232 4508 per
1253 4426 1344 4495 horo.
