3625 5317
456 746 520 807 288
727 755 1158 805 Josssssssnnssssmsms

540 912 625 975 Nsm
640 931 691 973 res
706 910 740 972 in
756 908 860 993 pretio
875 917 936 983 est,
951 906 1024 969 vilis
1038 907 1160 992 ubique
1175 909 1266 974 fides.

450 1014 582 1095 Hospes
597 1012 631 1073 in
644 1008 772 1074 insidiis
787 1006 877 1071 sedet
891 1006 1074 1090 hospitibus
1088 1008 1274 1092 peregrinis,
1322 1015 1403 1075 1555

534 1112 581 1174 Et
595 1111 698 1174 mulus
712 1107 841 1173 auditor
856 1108 985 1188 singule
999 1108 1097 1171 verbs
1111 1120 1212 1174 notet.

450 1212 639 1294 Linguaque
656 1210 683 1274 si
698 1210 820 1294 profert
835 1208 965 1270 verbum
980 1208 1051 1270 lese
1066 1209 1133 1273 sive
1143 1210 1307 1293 jocosum,

538 1312 688 1376 Mentics
702 1310 729 1374 si
744 1308 857 1395 paucis
871 1310 969 1371 rebus
981 1319 1098 1372 onusta
1106 1311 1207 1393 jacet,

452 1414 578 1478 Involst
591 1422 648 1476 sut
660 1414 758 1477 rebus
772 1423 828 1475 sut
842 1412 940 1474 verbe
953 1421 1098 1475 recenset
1111 1412 1243 1496 iniquus

539 1515 672 1597 Hospes
687 1521 720 1575 et
733 1512 889 1593 interpres
904 1507 1103 1593 perniciosus
1117 1512 1187 1588 erit,
1322 1518 1402 1577 leto

451 1613 497 1680 Et
510 1622 608 1679 testes
621 1612 754 1676 adhibet
767 1610 902 1673 Bavium
919 1629 1099 1692 vanumque
1117 1610 1289 1691 Dolonem,

542 1713 586 1777 Ut
601 1733 714 1795 pereas
728 1712 834 1787 robus,
849 1720 905 1773 aut
919 1721 975 1771 tum
989 1723 1110 1775 cuncte
1123 1712 1191 1775 tibi.

451 1816 487 1879 si
502 1815 544 1879 sit
558 1834 631 1877 vem
645 1812 728 1877 fides
742 1822 775 1875 et
790 1812 942 1874 honestas
956 1832 1036 1894 pure
1051 1812 1231 1892 dommum,

537 1914 600 1979 Est
614 1913 719 1976 vultum
733 1911 854 1989 hilaris,
868 1912 1016 1975 officiose
1030 1933 1156 1992 munus,

453 2015 626 2079 Deiectum
642 2034 744 2077 rerum
760 2013 866 2075 serbis
880 2013 1036 2097 vultuque
1050 2014 1156 2079 feceto
1323 2022 1404 2081 1545

540 2114 692 2198 Hospitis
706 2114 862 2179 instauret
876 2134 957 2177 curs
970 2114 1136 2199 cliensque
1150 2116 1265 2181 bonus.

452 2216 528 2279 Non
544 2234 746 2299 quoscunque
763 2211 877 2276 domus
893 2213 1022 2277 titulum
1037 2216 1205 2297 ppaetcndit
1219 2218 1360 2295 honoris,

537 2314 620 2376 Rom
635 2322 734 2385 tenet,
750 2323 805 2375 aut
819 2312 941 2375 meritis
955 2324 1006 2376 est
1020 2316 1204 2379 venerande
1217 2317 1306 2394 suis3

451 2410 517 2475 Sed
533 2429 759 2495 quemcunque
776 2409 866 2473 vides
881 2411 915 2472 in
932 2410 1052 2476 Christi
1066 2413 1163 2477 laude
1178 2426 1347 2494 secretum,

537 2510 684 2593 Quisque
701 2528 774 2571 eum
789 2518 909 2587 teneat,
924 2509 1042 2593 dignus
1056 2514 1177 2578 honore
1191 2518 1295 2591 locus,
1321 2522 1402 2579 1550

449 2614 494 2677 Et
508 2610 662 2697 quonism
677 2609 775 2693 ospiti
790 2610 987 2693 respondent
1001 2634 1144 2677 consone
1159 2618 1310 2695 membra,

537 2716 582 2779 Et
596 2710 712 2777 domus
727 2724 776 2775 est
791 2710 923 2775 domiuo
939 2717 1091 2778 concolor
1106 2716 1178 2800 ipsa
1191 2738 1261 2781 suo.

451 2817 488 2881 Si
501 2813 682 2881 venerenda
696 2812 811 2877 domus
827 2824 857 2877 te
873 2814 1004 2878 duxerit
1017 2817 1242 2901 accipiendum

539 2914 703 2997 Hospitio,
719 2915 769 2977 vel
785 2914 810 2977 si
825 2913 907 2978 forte
922 2916 1081 2981 ministret
1096 2939 1201 3001 opem,

451 3020 532 3092 Quis
545 3020 633 3082 bona
646 3016 818 3099 dispenset,
833 3016 975 3100 prudens
990 3018 1128 3098 adverte,
1142 3022 1203 3084 sub
1218 3022 1275 3085 illo
1320 3028 1403 3086 1555

538 3119 610 3183 Stet
624 3118 750 3179 fortuna
764 3115 880 3179 domus
896 3128 929 3180 et
943 3119 1033 3182 color
1047 3120 1118 3202 ipse
1133 3122 1218 3197 loci3

452 3220 537 3283 Nem
552 3218 640 3279 bona
654 3216 738 3278 sums
752 3217 845 3297 perit,
860 3217 886 3281 si
901 3219 1041 3283 rusticus
1055 3231 1105 3284 est
1118 3222 1169 3285 sel
1183 3243 1308 3301 avenis,

538 3315 665 3381 Frontis
680 3315 721 3377 ab
738 3317 870 3380 urbane
885 3340 1019 3383 munere
1032 3322 1118 3384 fame
1132 3324 1227 3405 viget„

829 3416 882 3481 De
897 3418 1030 3483 Carino.

452 3504 561 3568 inflex
579 3501 693 3564 domus
708 3511 757 3563 est
772 3520 823 3563 res
838 3502 1046 3587 dispensante
1062 3505 1191 3587 Carino,

540 3604 669 3685 Hospes
683 3613 717 3666 et
731 3602 834 3665 hostis
849 3616 951 3685 agunt
967 3607 1154 3673 conditione
1169 3611 1251 3694 pari.
1321 3615 1404 3673 1560

844 3708 897 3770 De
913 3707 1015 3771 Catio.

451 3809 567 3873 Fronte
582 3806 670 3887 previ
688 3805 801 3869 Catius
818 3807 918 3871 vitem
933 3811 1085 3875 mentitur
1096 3813 1273 3890 honestam,

537 3905 651 3970 Colida
665 3917 782 3985 temen,
798 3908 877 3993 quid
892 3910 945 3989 sit,
959 3911 1082 3977 indicet
1097 3926 1194 3997 atque
1210 3916 1296 3997 gule.

770 4010 822 4071 De
839 4011 1081 4091 Corydonianis.

450 4112 515 4185 Qui
530 4110 665 4174 Fsbium
680 4120 784 4188 gestu,
801 4111 888 4173 verbi
905 4114 1061 4193 gravitate
1076 4116 1232 4183 Catonem

535 4209 708 4293 Exprimit,
720 4208 895 4273 humanum
911 4234 984 4275 cum
1001 4215 1173 4301 Corydone
1188 4219 1282 4303 sapit
1337 4293 1340 4297 A

449 4312 563 4378 Sordet
577 4310 616 4372 iis
631 4309 747 4382 clerus,
764 4308 834 4371 vite
851 4316 1032 4377 communis
1047 4319 1220 4382 abhorrent
1323 4319 1407 4381 1565
