3625 5317
482 762 521 821 18
729 772 864 819 Joanrus
880 772 1159 819 suassamuansls
1306 754 1389 833 [cra.
1408 774 1431 819 1.

567 1011 647 1096 Cap.
663 1010 692 1076 4.
719 1013 866 1087 Qualiter
879 1013 1038 1076 evaserint
1051 1016 1210 1075 consortes
1222 1014 1351 1075 erroria.

522 1132 699 1196 Carsania
725 1128 823 1215 hujus
852 1140 957 1209 sectae,
979 1140 1052 1214 post
1082 1128 1233 1191 damnum
1264 1128 1429 1215 temporis,

479 1253 650 1316 rerumque
659 1232 831 1317 jacturam,
847 1245 878 1295 et
893 1253 966 1316 spes
980 1230 1141 1316 deceptas,
1155 1242 1187 1295 et
1204 1231 1357 1315 propositi
1378 1228 1429 1293 sui

478 1333 592 1399 solatio
606 1332 788 1408 destitutas,
804 1331 972 1419 multiplex
991 1354 1069 1397 usus
1084 1331 1220 1396 emersit.
1255 1332 1322 1395 Alii
1338 1355 1428 1397 nam·

478 1458 553 1524 que,
570 1433 795 1499 monachorum
815 1448 871 1498 aut
891 1433 1075 1499 clericorum
1097 1433 1271 1497 claustrum
1294 1434 1427 1517 ingressi

479 1549 565 1611 sunt,
581 1546 613 1599 et
631 1534 774 1621 plerique
790 1557 883 1599 suum
906 1548 1111 1598 correxerunt
1134 1556 1290 1598 errorem:
1315 1533 1427 1620 depre-

478 1638 651 1703 hendentes
672 1638 704 1702 in
725 1660 768 1717 se,
789 1650 820 1703 et
843 1635 913 1701 aliis
933 1636 1153 1723 praedicantes,
1173 1636 1251 1722 quia
1271 1635 1426 1722 quicquid

476 1740 662 1818 didicerant,
692 1740 815 1805 vanitas
845 1737 1022 1803 vanitatum
1052 1752 1111 1817 est,
1134 1750 1167 1801 et
1196 1759 1291 1823 super
1319 1737 1426 1801 omnia

475 1843 605 1909 vanitas.
652 1841 812 1928 Plerique,
828 1844 972 1926 inquam,
986 1863 1025 1904 eo
1045 1839 1134 1925 quod
1154 1838 1298 1927 quidam,
1312 1840 1346 1903 in
1367 1863 1425 1904 sua

475 1945 685 2029 perdurantes
695 1944 826 2020 insania,
837 1944 952 2009 tumidi
964 1956 1090 2007 vetusta
1101 1943 1319 2029 perversitate,
1329 1945 1424 2006 rnalc·

475 2046 553 2111 bant
574 2044 727 2130 desipere,
743 2066 840 2129 quam
861 2044 902 2107 ab
918 2044 1104 2124 humilibus,
1117 2044 1237 2130 quibus
1259 2048 1349 2109 Dens
1368 2042 1422 2108 dat

474 2149 622 2233 gratiam,
653 2146 788 2212 fideliter
813 2147 951 2212 erudiri:
990 2147 1217 2212 erubescebant
1245 2147 1327 2209 enim
1360 2146 1424 2210 lor·

474 2271 557 2312 mam
574 2248 734 2335 discipuli,
749 2248 806 2334 qui
822 2246 995 2334 magisterii
1011 2258 1279 2335 praesumpserant
1292 2247 1423 2312 fastum.

476 2352 508 2415 Si
540 2350 617 2414 mihi
647 2372 709 2415 non
740 2350 854 2427 credis,
885 2350 1026 2417 claustra
1059 2350 1242 2434 ingredere:
1281 2361 1423 2413 scrutare

474 2474 577 2515 mores
597 2453 751 2517 fratrum:
775 2466 807 2517 et
828 2453 968 2516 invenies
988 2451 1032 2515 ibi
1056 2452 1236 2538 superbiam
1261 2450 1371 2528 Moab,
1390 2464 1423 2514 et

473 2576 542 2617 earn
558 2554 713 2619 intensam
728 2554 837 2618 valde:
863 2566 897 2617 ut
914 2554 1097 2639 arrogantia
1112 2554 1280 2618 absorbeat
1293 2552 1423 2617 fortitu-

474 2653 579 2719 dinem
592 2655 671 2741 ejus.
700 2657 841 2721 Miratur
852 2656 1057 2732 Benedictus,
1066 2669 1098 2719 et
1111 2655 1267 2742 queritur,
1277 2654 1377 2741 quod,
1390 2677 1423 2717 se

474 2756 710 2843 quodammodo
721 2771 862 2834 auctore,
874 2756 950 2822 latet
966 2756 1063 2843 lupus
1076 2758 1109 2820 in
1125 2756 1263 2842 pellibus
1278 2756 1419 2840 agninis:

473 2858 587 2946 utique
599 2873 774 2940 tonsuram,
783 2873 815 2924 et
825 2859 945 2945 pullam
958 2873 1088 2939 vestem,
1096 2881 1116 2921 a
1124 2859 1294 2944 supercilio
1304 2856 1423 2922 distare

471 2974 630 3026 causatur.
675 2962 721 3025 Et
736 2974 772 3026 ut
788 2960 906 3024 rectius
921 2959 1058 3025 dixerim
1079 2958 1280 3044 supercilium
1304 2958 1422 3043 arguit,

471 3061 611 3149 eoquod
631 3075 780 3137 tonsurae,
804 3060 1012 3147 vestibusque
1032 3081 1094 3123 non
1118 3073 1278 3125 consonet.
1323 3060 1421 3124 Ritus

471 3164 728 3227 observationum
745 3162 976 3226 contemnitur:
1000 3174 1033 3225 et
1048 3164 1108 3225 sub
1125 3160 1263 3247 imagine
1278 3160 1421 3225 Philoso-

472 3263 612 3351 phantis,
628 3262 759 3348 spiritus
775 3262 895 3326 fallacis
910 3262 1055 3328 elationis
1069 3262 1205 3350 obrepit.
1244 3266 1331 3327 Nota
1346 3274 1421 3328 sunt

471 3366 552 3442 haec,
578 3365 610 3429 in
637 3364 722 3428 omni
749 3379 848 3441 veste,
873 3388 909 3429 ac
933 3365 1139 3450 professione,
1165 3364 1305 3451 vulgata.
1351 3363 1420 3427 Alii

471 3478 590 3545 autem,
606 3487 697 3529 suurn
721 3464 752 3529 in
769 3464 974 3552 Philosophia
993 3467 1155 3531 intuentes
1174 3465 1347 3540 delectum,
1365 3466 1420 3527 Sa-

470 3566 605 3645 lernum,
615 3566 663 3630 vel
680 3567 719 3631 ad
731 3568 1081 3654 Montempessulauum
1096 3566 1329 3655 profecti,l‘acti
1345 3582 1420 3633 sunt

469 3668 612 3736 clientuli
627 3668 834 3747 medicorum,
846 3685 877 3734 et
894 3684 1035 3756 repente,
1048 3668 1157 3756 quales
1171 3668 1298 3733 fuerant
1314 3668 1420 3733 Philo·

470 3771 573 3857 sophi,
584 3770 662 3837 tales
672 3770 703 3834 in
718 3786 877 3836 momento
889 3771 1003 3836 medici
1015 3783 1199 3858 eruperunt.
1237 3769 1421 3835 Fallacibus

468 3873 550 3939 enirn
576 3873 683 3937 referti
706 3873 943 3961 experimentis,
965 3873 998 3938 in
1025 3873 1114 3938 brevi
1136 3873 1285 3949 redeunt,
1308 3871 1421 3936 sedulo

467 3989 659 4052 exercentes,
691 3974 779 4062 quod
809 3974 1001 4040 didicerunt.
1056 3974 1287 4061 Hippocratem
1317 3988 1421 4039 osten-

467 4089 548 4153 tant,
572 4091 627 4143 aut
652 4077 828 4153 Galenum:
865 4077 962 4141 verba
983 4077 1151 4163 proferunt
1178 4075 1341 4141 inaudita:
1376 4074 1419 4140 ad

465 4181 572 4245 omnia
601 4202 675 4243 suos
706 4178 885 4263 loquuntur
907 4178 1125 4264 aphorismos:
1157 4190 1189 4243 et
1212 4190 1334 4243 mentes
1360 4177 1420 4241 hu·

465 4304 584 4358 manas,
602 4278 690 4342 velut
705 4277 826 4342 afflatas
845 4277 1006 4354 tonitruis,
1024 4280 1067 4343 sic
1088 4280 1264 4366 percellunt
1286 4278 1419 4343 nomini-

465 4382 525 4446 bus
546 4377 709 4445 inauditis.
756 4375 942 4441 Creduntur
963 4378 1068 4442 omnia
1090 4403 1196 4463 posse,
1212 4380 1289 4465 quia
1311 4380 1419 4443 omnia
