3625 5317
416 828 484 877 car.
503 814 566 888 vn]
772 826 1013 875 uursnoorcus
1309 814 1369 874 tat

415 981 541 1046 acutius
562 980 681 1045 altero:
720 979 866 1067 quamvis
888 977 1050 1064 singulum
1073 978 1200 1043 dicatur
1224 993 1367 1044 acutum.

415 1083 466 1147 Ad
482 1084 542 1147 hoc
557 1105 686 1169 quoque
707 1082 838 1169 prodest
860 1082 929 1145 haec
951 1081 1126 1167 speculatio
1148 1079 1369 1167 multipliciter

415 1183 587 1263 dictorum,
600 1198 637 1249 ut
651 1207 691 1249 err
707 1184 871 1249 contrariis
888 1183 935 1246 vis
949 1183 1177 1249 contrariorum
1193 1183 1366 1270 saepissime

413 1286 645 1371 perpendatur:
671 1287 697 1351 si
712 1285 795 1349 enim
811 1306 910 1349 unum
926 1307 1033 1350 eorum
1048 1298 1106 1350 aut
1121 1285 1294 1373 aequivoce,
1308 1299 1367 1351 aut

416 1388 548 1452 univoce
568 1386 687 1453 dicitur
708 1388 748 1452 ad
773 1387 883 1461 multa,
906 1386 1001 1451 simili
1023 1387 1172 1452 modoet
1194 1387 1367 1476 reliquum,

420 1501 455 1551 ut
471 1487 598 1574 quidem
623 1490 655 1553 in
677 1488 836 1565 omnibus,
853 1502 909 1555 aut
931 1487 963 1552 in
986 1487 1143 1574 pluribus.
1188 1490 1272 1553 Nam
1287 1513 1368 1577 quo·

416 1588 501 1653 niam
522 1603 617 1655 acuto
640 1591 671 1654 in
688 1613 763 1655 voce
778 1612 875 1675 grave
890 1590 1083 1655 contrarium
1108 1603 1168 1667 est,
1190 1589 1223 1653 in
1245 1590 1368 1675 magni-

417 1691 528 1755 tudine
553 1708 660 1757 autem
686 1693 760 1770 levi,
784 1693 889 1779 palam
916 1691 1067 1777 quoniam
1094 1694 1162 1756 leve
1188 1704 1245 1756 aut
1269 1714 1368 1776 grave

415 1793 579 1877 aequivoce
600 1794 760 1860 diceretur
787 1794 827 1858 ad
852 1795 957 1880 plura.
1001 1792 1130 1858 Volenti
1156 1806 1264 1857 autem
1288 1792 1368 1859 scire

416 1894 497 1979 quid
513 1908 640 1980 agatur,
655 1918 780 1961 necesse
795 1908 844 1960 est
860 1896 923 1960 vim
940 1894 1092 1960 sermonis
1111 1907 1279 1960 excutere:
1303 1918 1369 1981 qua

414 1994 535 2080 ignota,
546 1997 634 2063 fidus
644 1998 811 2062 verborum
824 1996 1006 2061 intellectus
1016 2010 1161 2061 constare
1173 2018 1235 2061 non
1251 2009 1367 2082 potest.

415 2098 468 2162 Eo
481 2112 604 2184 spectat
619 2098 699 2166 illud
716 2098 904 2185 Augustini,
921 2111 1059 2164 tractum
1077 2098 1208 2187 quidem
1224 2100 1266 2165 ab
1280 2104 1370 2165 Aris·

416 2199 524 2277 tutele,
541 2203 690 2289 quoniam
706 2202 747 2267 de
763 2202 852 2267 fonte
871 2204 935 2266 isto
957 2201 1134 2268 hauserunt
1156 2224 1275 2278 omues,
1291 2202 1369 2288 quia

415 2301 447 2365 in
463 2306 550 2368 omni
569 2302 791 2368 enunciatione
813 2302 987 2389 spectanda
1008 2315 1083 2367 sunt
1105 2303 1178 2380 tria,
1194 2304 1303 2380 dictio,
1318 2306 1369 2370 di-

416 2403 515 2483 cibile,
531 2411 561 2467 el
574 2390 636 2468 resi
672 2404 733 2467 Est
748 2416 854 2467 autem
871 2425 933 2480 res,
948 2402 1070 2489 dequo
1083 2402 1217 2490 aliquid,
1229 2403 1367 2485 dicibile,

417 2504 504 2590 quod
520 2504 560 2569 de
571 2504 688 2592 aliquo,
701 2505 810 2583 dictio,
822 2528 889 2591 quo
904 2506 1022 2571 dicitur
1037 2506 1096 2570 hoc
1111 2507 1152 2570 de
1162 2506 1228 2571 illo.
1264 2510 1368 2572 iuter·

417 2606 494 2670 dum
511 2618 617 2672 tamen
632 2606 812 2686 dictionem,
827 2630 893 2671 rem
909 2630 975 2671 esse
990 2608 1157 2693 contingit,
1166 2631 1268 2693 quum
1282 2607 1369 2674 idem

417 2730 519 2772 sermo
540 2707 581 2773 ad
603 2709 760 2794 agendum
787 2709 828 2773 de
850 2732 883 2773 se
909 2710 1091 2789 assumitur,
1115 2709 1206 2772 utin
1228 2709 1268 2773 iis
1294 2734 1368 2797 quar

416 2823 626 2896 praeceptores
646 2811 745 2875 nostri
768 2808 973 2875 materialiter
994 2809 1143 2874 dicebant
1165 2810 1315 2895 imposita
1336 2825 1368 2877 et

417 2912 575 2977 dicibilia:
607 2912 701 2996 quale
719 2921 777 2989 est,
792 2915 882 2976 lromo
902 2920 950 2977 est
971 2932 1096 2986 nomen,
1114 2915 1219 2975 merit
1239 2922 1287 2977 eat
1301 2933 1369 2976 oer-

417 3016 500 3079 bam.
545 3019 645 3082 Porro
660 3037 722 3090 res,
739 3027 775 3078 ut
791 3014 822 3077 in
839 3011 999 3098 pluribus,
1011 3012 1192 3078 etdicibilia
1207 3016 1368 3099 pertinent

417 3114 456 3179 ad
473 3129 632 3197 naturam,
646 3115 746 3180 dictio
762 3138 837 3179 vero
852 3137 891 3179 ex
907 3112 1073 3178 homiuum
1088 3114 1207 3201 pendet
1223 3115 1367 3180 arbitrio.

418 3218 535 3305 ltaque
556 3216 596 3283 ad
622 3216 686 3282 veri
713 3216 974 3281 examinationem
1002 3237 1125 3281 necesse
1147 3231 1195 3282 est
1216 3240 1280 3283 rem
1305 3240 1368 3283 non

417 3320 545 3384 omnino
554 3320 677 3384 notiriae
688 3342 754 3383 esse
766 3320 972 3397 subtractam,
982 3317 1028 3382 rei
1038 3320 1201 3407 subjectae,
1211 3320 1245 3385 id
1256 3334 1315 3398 est,
1328 3320 1369 3387 de

417 3440 482 3505 qua
493 3421 612 3505 agitur,
621 3422 749 3487 dicibile
763 3421 942 3499 convenire,
957 3434 990 3486 et
1011 3420 1194 3500 dictionem,
1211 3436 1247 3488 ut
1266 3422 1369 3489 omnis

417 3524 601 3609 increpandi
614 3524 745 3589 tollatur
758 3524 890 3599 occasio,
908 3523 1039 3610 utrique
1054 3544 1120 3588 esse
1135 3536 1313 3610 cognatam.

418 3683 497 3771 Cap.
513 3690 541 3749 6.
565 3684 617 3749 De
632 3684 774 3750 utilitate
788 3692 820 3749 al
834 3687 1033 3768 conceptione
1047 3688 1146 3749 trium
1163 3683 1316 3749 librorum
1330 3689 1368 3751 in
1459 3715 1462 3721 ·

828 3788 965 3871 Topicis.

462 3919 565 3986 Srcur
587 3932 693 3986 autem
716 3920 938 3987 elementarius
962 3934 1012 3985 est
1036 3921 1368 4007 praedicamentorum,

418 4019 698 4105 periermeniarum
726 4045 802 4087 vero
832 4022 1016 4109 syllabicus,
1040 4022 1086 4088 ita
1114 4036 1147 4088 et
1176 4025 1369 4111 Topicorum

418 4120 510 4199 liber,
536 4122 772 4209 quodammodo
797 4126 983 4191 dictionalis
1006 4132 1061 4192 etl.
1105 4125 1199 4190 Licet
1223 4124 1308 4190 enim
1336 4125 1369 4189 in

420 4223 634 4308 periermeniis
662 4239 778 4311 agatur
807 4227 847 4293 de
877 4226 1011 4314 simplici
1040 4226 1270 4305 enuntiatione,
1296 4250 1371 4312 qua

421 4326 533 4411 utique
549 4328 615 4392 veri
631 4329 742 4393 salsive
762 4328 861 4394 dictio
873 4343 935 4409 est,
956 4330 1096 4394 nondum
1119 4342 1222 4392 tamen
1244 4329 1284 4393 ad
1306 4329 1370 4393 vim

421 4426 589 4513 colligendi
605 4430 774 4516 pertingit:
798 4453 854 4495 nec
870 4430 949 4493 illud
966 4430 1153 4514 assequitur,
1166 4428 1197 4491 in
1213 4451 1280 4514 quo
1296 4429 1372 4499 Dia·
