3625 5317
389 832 462 878 cnr.
479 814 540 893 1v.]
749 830 990 879 uuistuomus.
1281 812 1340 874 lst

390 982 474 1047 niam
490 995 522 1048 et
535 1004 646 1049 sensus
660 982 826 1059 erudiunt,
835 995 867 1047 et
881 981 979 1047 rerba
992 993 1150 1046 exercent.
1182 979 1342 1044 Praeterea

388 1084 563 1149 reverentia
577 1084 761 1150 exbibenda
780 1097 828 1150 est
843 1083 948 1150 ver'bis
965 1096 1146 1162 auctorum,
1160 1102 1233 1146 curn
1248 1080 1342 1145 cultu

390 1199 423 1251 et
441 1185 628 1252 assiduitate
651 1187 783 1261 utendi;
808 1199 876 1251 tum
896 1188 974 1274 quia
994 1184 1156 1271 quandam
1175 1206 1196 1248 a
1216 1184 1342 1268 magnis

390 1288 571 1354 nominibus
599 1289 802 1377 antiquitatis
831 1289 1008 1373 preferant
1036 1288 1246 1374 majestatem,
1271 1299 1342 1351 tum

388 1390 464 1476 quia
473 1390 917 1477 dispendiosiusignorantur,
926 1411 1028 1477 quum
1039 1389 1081 1455 ad
1094 1388 1273 1475 urgendum
1285 1401 1343 1453 aut

388 1492 597 1558 resistendum
613 1492 835 1579 potentissima
854 1506 941 1558 aunt.
988 1492 1154 1578 Siquidem
1168 1492 1296 1576 ignaros
1309 1492 1343 1555 iu

390 1594 520 1659 modum
535 1595 674 1661 turbinis
688 1595 831 1681 rapiunt,
840 1608 873 1659 et
889 1608 979 1659 metu
991 1594 1152 1685 perculsos
1164 1594 1342 1679 exagitant,

390 1708 448 1761 aut
464 1709 685 1781 prosternunt:
708 1694 856 1760 inaudita
869 1694 953 1760 enim
968 1694 1230 1781 pbilosophorum
1246 1694 1345 1758 verbs

390 1798 535 1863 tonitrua
550 1809 634 1861 sunt.
666 1796 760 1862 Licet
774 1797 885 1883 itaque
899 1798 1136 1873 modernorum,
1147 1810 1180 1860 et
1190 1808 1346 1871 veterum,

389 1899 431 1965 sit
455 1920 566 1964 seusus
590 1898 687 1975 idem,
714 1896 923 1962 venerabilior
947 1911 996 1963 est
1021 1908 1173 1962 vetustas.
1217 1893 1346 1960 Dixisse

391 1998 495 2066 recolo
507 1994 756 2087 Peripateticum
768 1998 962 2077 Palatinum,
973 1998 1063 2086 quod
1075 2019 1186 2063 verum
1197 1996 1347 2074 arbitror,

391 2105 468 2189 quia
482 2101 581 2169 facilc
604 2115 685 2168 esset
707 2100 845 2187 aliquem
868 2102 970 2167 nostri
991 2101 1144 2188 temporis
1164 2100 1282 2166 librum
1304 2098 1346 2163 de

393 2206 451 2269 bac
466 2219 534 2269 arte
555 2226 756 2290 componere,
773 2204 833 2291 qui
855 2204 944 2269 nullo
964 2203 1182 2290 antiquorum,
1197 2202 1286 2288 quod
1303 2201 1346 2266 ad

391 2310 628 2393 conceptionem
654 2306 730 2387 veri,
752 2306 803 2369 vel
825 2304 1015 2392 elegantiam
1038 2305 1139 2383 verbi,
1161 2318 1243 2371 esset
1263 2304 1345 2371 iufe-

392 2409 475 2473 rior:
499 2407 553 2473 sed
564 2422 601 2472 ut
614 2407 815 2473 auctoritatis
825 2410 967 2472 favorem
979 2407 1149 2473 sortiretur
1160 2420 1217 2472 aut
1227 2407 1345 2493 impos·

392 2507 494 2587 sibile,
509 2521 565 2575 aut
581 2508 814 2574 difficillimum.
859 2512 933 2575 Hoc
942 2509 1046 2595 ipsum
1065 2522 1171 2576 umen
1186 2508 1345 2574 asserebat

391 2610 565 2697 majoribus
586 2610 821 2692 ascribendum,
842 2632 979 2697 quorum
1004 2610 1184 2677 floruerunt
1204 2611 1343 2696 ingenia,

393 2725 426 2776 et
448 2712 631 2777 inventione
651 2712 789 2777 mirabili
811 2711 978 2798 pollentes,
993 2712 1109 2777 laboris
1130 2713 1180 2776 sui
1202 2712 1346 2777 fractum

393 2814 529 2899 posteris
544 2814 756 2899 reliquerunt.
803 2814 921 2899 ltaque
934 2835 983 2890 ea,
996 2814 1030 2875 in
1045 2813 1165 2898 quibus
1178 2812 1271 2876 multi
1287 2833 1347 2877 sua

395 2928 541 3002 tempora
555 2926 833 2999 consumpserunt,
848 2914 879 2977 in
902 2913 1086 2977 inventione
1104 2911 1255 2976 sudantes
1274 2910 1346 2997 plu·

391 3017 523 3092 rimam,
539 3037 626 3079 nunc
636 3014 741 3093 facile,
751 3027 784 3078 et
795 3015 897 3091 brevi,
914 3035 999 3077 unus
1012 3012 1210 3097 assequitur:
1226 3011 1347 3077 fruitur

392 3132 501 3183 tamen
529 3129 612 3180 aetas
640 3128 748 3179 nostra
777 3114 931 3181 beneficio
960 3114 1178 3199 precedentis,
1203 3127 1235 3179 et
1261 3137 1346 3200 srepe

391 3218 488 3305 plura
502 3216 604 3293 novit,
621 3238 683 3280 uon
702 3239 762 3281 suo
781 3215 913 3304 quidem
933 3216 1115 3302 precedens
1135 3216 1273 3303 ingenio,
1288 3218 1344 3283 sed

389 3317 528 3384 innitens
550 3318 672 3383 viribus
686 3318 809 3395 alienis,
824 3332 856 3383 et
871 3318 1025 3405 opulenta
1045 3317 1190 3384 doctrina
1204 3332 1344 3406 patrum.

392 3420 528 3486 Dicebat
545 3419 728 3485 Bernartius
744 3421 959 3497 Carnotensis,
973 3441 1112 3485 neeesse
1127 3422 1220 3507 quasi
1235 3444 1345 3501 nanos,

391 3520 569 3606 gigantium
594 3522 734 3586 humeris
755 3522 936 3600 insidentes,
958 3536 993 3587 ut
1013 3523 1164 3608 possimus
1184 3522 1281 3607 plura
1299 3522 1345 3588 eis

391 3633 424 3685 et
440 3622 608 3687 remotiora
619 3622 738 3701 videre,
750 3646 812 3687 uon
829 3623 943 3709 utique
958 3623 1078 3710 proprii
1088 3624 1176 3689 visus
1189 3624 1345 3703 acumine,

392 3734 447 3787 aut
474 3722 645 3788 eminentia
668 3724 821 3810 corporis,
845 3724 899 3787 sed
925 3725 1004 3810 quia
1022 3727 1055 3790 iu
1075 3723 1177 3789 altum
1198 3725 1346 3789 subvehi-

394 3842 467 3885 mur
495 3837 529 3886 et
555 3824 740 3889 extollimur
771 3826 992 3909 magnitudine
1015 3825 1176 3913 gigantea
1220 3829 1266 3893 Et
1296 3828 1346 3892 bis

395 3922 488 3987 facile
502 3924 732 4011 adquieverint,
750 3926 826 4012 quia
845 3926 924 3989 artis
943 3928 1161 4014 praeparatitia
1174 3941 1206 3993 et
1226 3929 1346 3994 multos

391 4020 545 4087 articulos
560 4024 703 4089 veritatis
724 4026 853 4091 tradunt
874 4028 992 4091 artium
1013 4041 1235 4115 preceptores,
1249 4032 1346 4095 etiam

393 4122 426 4187 io
442 4123 735 4190 introductionibus
750 4126 828 4206 suis,
840 4148 937 4213 reque
955 4130 1036 4193 bene
1050 4129 1201 4216 antiquis,
1216 4144 1249 4196 et
1264 4132 1347 4195 forte

393 4223 603 4289 commodius.
648 4223 728 4303 Quis
750 4226 834 4291 anim
859 4239 1028 4294 contentus
1050 4243 1098 4294 est
1120 4230 1170 4310 iis,
1193 4254 1268 4317 quse
1295 4232 1345 4294 vel

395 4322 585 4389 Aristoteles
599 4324 631 4389 in
648 4324 864 4411 periermeniis
883 4327 999 4394 docet?
1037 4331 1118 4408 Quis
1132 4331 1261 4394 aliunde
1275 4353 1347 4394 con-

394 4422 515 4508 quisita
536 4447 599 4491 uon
619 4425 753 4513 adjicit?
791 4429 910 4493 Omnes
933 4429 1015 4494 enim
1039 4431 1137 4495 totius
1161 4435 1238 4496 artis
1262 4454 1347 4497 surn-

842 4534 901 4592 xa
