3625 5317
471 763 536 822 ⁸18
728 773 866 818 mmm
879 772 1159 820 umnmmsrs

469 929 584 1010 ignens
596 927 730 1011 illcjnm
746 927 945 1010 dispumat
957 927 1086 1006 globos.
1112 925 1291 992 liminum
1305 932 1427 996 sterili·

468 1041 595 1092 mntem
614 1028 730 1109 globus
748 1029 862 1110 ignem
880 1027 1057 1108 insignivit,
1069 1035 1105 1092 et
1121 1039 1269 1093 montem
1286 1032 1426 1097 circnm-

468 1129 573 1192 cinxit
585 1129 784 1192 Anselmnm.
808 1128 958 1211 Apostoli
971 1127 1128 1210 Spiritum
1141 1129 1300 1196 Sanctum
1313 1133 1350 1196 in
1364 1135 1427 1197 lin·

467 1229 538 1309 guis
562 1229 667 1309 igneis
691 1237 899 1310 recepenmt;
935 1237 969 1290 et
991 1227 1132 1292 eundem
1156 1231 1192 1292 in
1219 1231 1296 1312 igne
1323 1234 1428 1298 vibret

465 1329 578 1408 lingns
590 1329 744 1392 Anselmi.
766 1327 980 1392 Damonibm
993 1349 1124 1413 quoqne
1137 1329 1286 1414 imperat,
1295 1336 1427 1398 morbos

466 1431 612 1512 expellit,
625 1431 731 1494 fntnrs
744 1431 956 1513 pronunciet,
970 1433 1074 1513 legem
1089 1433 1155 1496 Dei
1170 1434 1248 1498 iecit
1260 1447 1295 1500 ct
1307 1436 1426 1514 docct;

467 1543 501 1596 et
514 1533 623 1596 multis
636 1553 707 1596 esse
723 1533 770 1594 vir
782 1532 980 1615 apostolicus
993 1535 1230 1616 comptorum.

468 1823 595 1907 Cepi.
626 1824 795 1887 Anicium
817 1824 856 1884 iot
881 1823 1075 1885 monasterio
1100 1821 1199 1886 Becoi
1222 1823 1353 1904 scripeit
1380 1827 1429 1890 VI

508 1922 1425 1992 rom:1.maemae.11.ucstercaearturtt

510 2026 584 2090 111.
607 2025 660 2088 De
673 2046 754 2090 cocu
767 2026 894 2088 dioboli.
919 2023 980 2086 17.
997 2023 1050 2088 Dc
1058 2026 1281 2106 grammatico.
1302 2025 1336 2088 V.
1349 2026 1425 2092 Μο-

508 2131 672 2212 nologion.
700 2127 753 2192 VI.
769 2127 975 2206 Prosologioc
987 2125 1120 2189 dicitw.
1146 2127 1319 2191 Δωρίωνα
1328 2131 1425 2211 proci

509 2233 707 2312 infirmitate
727 2231 915 2311 corripitur,
932 2229 971 2289 iot
991 2247 1059 2308 quo
1075 2233 1191 2308 rupem
1209 2229 1341 2310 spiritu·
1371 2234 1426 2296 Dc

509 2331 648 2410 wodan
665 2330 775 2393 attae
792 2329 879 2410 [oui]
897 2329 943 2391 od
961 2329 1152 2392 Ancclssum
1170 2331 1261 2392 ccnit
1273 2351 1424 2411 psorem

508 2429 687 2494 concilium.
715 2431 770 2494 Dc
779 2433 893 2512 pueris
902 2431 1041 2493 nutritis
1050 2432 1088 2493 in
1098 2431 1251 2494 oloudro.
1280 2431 1334 2496 Dc
1343 2453 1423 2514 quo·

507 2531 582 2594 dom
593 2529 695 2594 milite
706 2528 831 2596 Codulo
843 2532 985 2594 nominc.

509 2733 576 2797 flu
589 2733 787 2815 temporibus
797 2733 969 2796 Anselmus
982 2731 1111 2815 scripsit
1121 2741 1185 2795 tres
1199 2734 1307 2812 libros,
1319 2755 1421 2798 unum

466 2832 507 2898 de
524 2833 674 2912 virtitute,
689 2830 822 2898 alterum
842 2832 882 2896 de
898 2833 1062 2896 Libertate
1082 2833 1216 2907 arbitrii,
1231 2837 1358 2900 tertium
1378 2836 1422 2900 de

465 2957 542 3002 cnsu
558 2937 699 3000 Diaboli.
731 2934 867 3016 Scripsit
877 2945 986 2998 sutem
1001 2933 1163 3016 dialogum
1178 2936 1272 3018 cnjus
1285 2937 1418 3021 inscrip-

465 3039 511 3103 tio
526 3047 586 3116 est,
600 3037 641 3101 de
655 3036 891 3102 Grsmmotico:
918 3046 952 3099 et
970 3036 1080 3112 ulium,
1094 3055 1192 3117 quem
1213 3058 1255 3100 eo
1269 3037 1357 3121 quod
1372 3038 1421 3102 ibi

465 3141 553 3204 solus
577 3139 729 3223 loquitur,
752 3136 964 3216 Monologion
986 3137 1181 3219 appellerit3
1210 3138 1267 3200 ubi
1289 3137 1423 3221 quidem

465 3238 566 3302 tacita
590 3237 677 3299 omni
703 3235 891 3299 auctoritate
913 3233 1030 3298 divine
1056 3234 1242 3318 Scriptum,
1265 3237 1353 3319 quod
1379 3237 1422 3302 de

465 3337 537 3402 Deo
552 3335 633 3400 fides
648 3335 803 3419 praediuut
816 3336 939 3399 ratione
954 3337 1164 3400 convincitur.
1186 3339 1324 3401 Sextum
1339 3361 1420 3423 quo·

464 3459 539 3524 que,
552 3438 605 3503 cui
620 3436 829 3516 Prosologion
845 3435 957 3500 titulus
971 3448 1021 3502 est
1029 3458 1039 3511 3
1062 3437 1096 3500 in
1114 3459 1180 3521 quo
1195 3440 1332 3503 breviter
1346 3461 1421 3522 pro·

463 3543 520 3605 but
529 3562 570 3605 en
584 3561 656 3626 quse
668 3539 709 3604 de
720 3539 793 3602 Deo
809 3537 985 3602 secundum
995 3559 1030 3600 se
1042 3537 1205 3613 dicuntur,
1216 3550 1254 3602 ut
1263 3541 1421 3624 Omnipo-

463 3651 544 3719 tens,
559 3645 675 3721 bonus,
685 3651 718 3705 et
733 3649 849 3704 coetera
862 3636 1046 3722 hujusmodi
1061 3639 1171 3702 omnis
1181 3641 1216 3702 in
1231 3641 1303 3724 ipso
1319 3663 1419 3706 unum

463 3762 545 3806 esse.
579 3743 642 3806 Sed
662 3763 760 3826 quum
779 3742 811 3804 in
834 3741 931 3822 hujus
953 3739 1154 3821 probationis
1174 3741 1422 3822 investigatione

463 3842 546 3908 odeo
574 3854 751 3917 vexaretur,
778 3853 814 3906 ut
841 3862 907 3904 non
938 3839 1036 3904 modo
1064 3860 1214 3904 somnum
1245 3842 1421 3906 solicitudo

464 3953 640 4021 excuteret,
665 3941 722 4008 sed
747 3943 857 4006 cibum
882 3963 1012 4024 quoque
1039 3953 1071 4004 et
1095 3955 1218 4026 potum,
1243 3943 1289 4004 ita
1314 3955 1351 4006 ut
1375 3965 1417 4007 ex

463 4046 686 4130 desperatione
720 4042 857 4134 quadum
894 4042 1081 4106 scrutinium
1116 4042 1179 4106 hoe
1216 4045 1419 4125 temptationi

462 4147 651 4224 ascriberet3
683 4145 713 4208 ei
740 4145 845 4208 subito
871 4145 952 4206 inter
977 4155 1151 4207 nocturnas
1177 4144 1304 4225 vigilias
1331 4145 1420 4229 quod

463 4250 660 4332 querebatur
681 4247 797 4310 illuxit.
844 4245 1042 4308 Sententiam
1068 4245 1212 4308 exoravit
1235 4245 1270 4308 in
1289 4246 1420 4324 tubulis,

463 4346 654 4430 custodique
684 4340 898 4408 commendat.
945 4343 1009 4405 Sed
1036 4344 1108 4426 quis
1137 4364 1192 4406 eas
1219 4344 1422 4426 surripuerit,
