3625 5317
482 754 542 814 lou
733 764 869 811 ioannis
883 756 1164 809 cammenata
1283 743 1368 825 [am.
1384 762 1427 807 rr.

478 914 789 1003 incorporaliumque
810 914 967 981 notitiam.
1010 917 1071 979 Eat
1100 927 1210 979 autem
1235 937 1359 994 aenaua,
1390 926 1427 977 ut

479 1019 646 1089 Chalcidio
665 1019 780 1107 placet,
795 1019 900 1103 paaaio
914 1018 1056 1105 corporis
1067 1038 1109 1082 ea
1124 1018 1319 1104 quibusdam
1338 1030 1430 1082 extra

478 1121 604 1209 positia,
619 1138 651 1186 et
667 1122 753 1186 rarle
767 1120 973 1208 pulsantibus
986 1140 1106 1207 corpus
1121 1142 1223 1207 usque
1237 1120 1279 1185 ad
1293 1124 1430 1185 animam

479 1240 667 1289 commeant.
698 1220 770 1287 Niai
781 1226 865 1286 enim
877 1221 988 1287 eadem
999 1220 1122 1308 aliquid
1135 1221 1294 1287 violentiae
1303 1222 1431 1295 babeat,

479 1340 537 1389 nec
549 1322 590 1387 ad
605 1324 743 1389 animam
761 1323 916 1409 pervenit,
931 1344 990 1386 nec
1006 1322 1093 1387 cadit
1106 1322 1141 1385 in
1156 1344 1267 1386 aenaua
1286 1322 1431 1385 formam.

481 1428 515 1491 Si
530 1444 606 1489 vero
620 1424 729 1489 eadem
741 1426 845 1512 paaaio
856 1438 949 1511 grata
962 1437 1022 1505 eat,
1033 1423 1161 1488 ienitate
1172 1424 1222 1487 sui
1233 1422 1432 1507 voluptatem

482 1526 596 1615 gignit,
611 1538 643 1591 et
658 1526 683 1590 ai
699 1524 874 1605 invalescit,
889 1524 1045 1611 gaudium
1060 1528 1254 1590 nominatur.
1292 1523 1388 1601 Quod
1404 1520 1431 1585 ai

480 1626 649 1716 asperitate
664 1628 713 1693 rui
729 1633 902 1707 exulcerat,
916 1627 1058 1692 dolorem
1078 1627 1195 1714 gignit.
1242 1625 1433 1692 Aristotelea

481 1745 589 1797 autem
604 1752 732 1797 aearum
756 1732 866 1818 potina
886 1729 951 1794 vim
974 1730 1089 1795 anime
1109 1729 1233 1806 asserit,
1248 1751 1345 1816 quam
1365 1748 1433 1792 cor·

482 1833 569 1919 paria
591 1832 779 1918 passionem.
822 1830 886 1899 Sed
909 1830 981 1895 baec
1001 1830 1111 1895 eadem
1134 1830 1195 1907 via,
1217 1843 1254 1895 ut
1271 1827 1430 1917 judicium

481 1956 575 1999 auum
586 1932 628 1997 de
640 1933 736 1998 rebus
746 1932 875 2007 formet,
888 1931 1087 2019 pastionibua
1098 1933 1270 1997 excitatur.
1299 1934 1345 1996 Et
1357 1930 1433 2017 quia

481 2056 533 2099 rea
558 2032 706 2120 percipit,
729 2034 913 2098 earumdem
940 2034 1028 2119 apud
1054 2057 1088 2099 ae
1113 2033 1245 2121 deponit
1269 2034 1431 2119 imaginea

483 2136 589 2214 Quare
608 2136 783 2201 retentione
802 2148 835 2201 et
849 2136 1010 2224 frequenti
1031 2137 1236 2218 revolutione,
1250 2136 1344 2223 quasi
1365 2135 1433 2199 the·

483 2258 613 2301 caurum
630 2238 790 2303 memoriae
802 2238 862 2303 ribi
872 2239 1000 2304 format.
1032 2241 1120 2305 Dum
1132 2259 1207 2301 vero
1216 2260 1323 2301 rerum
1336 2235 1433 2300 volvit

482 2335 645 2424 imaginea,
662 2338 803 2403 nascitur
825 2338 1029 2425 imaginatio:
1059 2362 1133 2426 quae
1151 2360 1215 2403 non
1237 2338 1333 2403 modo
1352 2361 1432 2425 pree·

481 2452 646 2524 ceptorum
668 2441 866 2519 recordatur,
880 2441 937 2505 aed
952 2441 994 2505 ad
1015 2462 1125 2506 eorum
1140 2440 1286 2527 exempla
1306 2440 1431 2504 confor-

481 2539 607 2615 manda,
625 2540 674 2606 sui
690 2539 860 2609 vivacitate
874 2541 1090 2629 progreditur.
1135 2542 1312 2619 Quaesitum
1328 2556 1430 2607 tamen

483 2652 530 2705 eat
549 2662 589 2704 an
605 2664 624 2705 a
640 2663 733 2707 sensu
750 2641 846 2707 distet
860 2641 1046 2727 imaginatio
1062 2643 1260 2717 naturaliter,
1276 2665 1316 2706 an
1332 2666 1352 2707 a
1366 2642 1432 2705 solo

481 2741 678 2830 percipiendi
701 2743 806 2808 modo.
851 2742 971 2808 Recolo
992 2742 1075 2806 enim
1097 2743 1196 2808 luisse
1216 2742 1430 2829 philosophos,

481 2841 603 2931 quibua
617 2843 748 2932 placuit,
765 2844 846 2911 sicut
862 2846 1080 2932 incorpoream
1102 2843 1290 2932 simplicem,
1305 2859 1338 2909 et
1352 2844 1432 2909 indi-

482 2944 612 3011 viduam
639 2967 708 3011 arse
732 2942 944 3011 substantiam
971 2944 1096 3020 auimae,
1120 2945 1220 3010 itaet
1245 2968 1340 3011 unam
1366 2967 1431 3009 esse

482 3046 670 3133 potentiam,
687 3070 784 3133 quam
800 3046 1032 3133 multipliciter,
1043 3071 1103 3134 pro
1118 3069 1224 3112 rerum
1239 3042 1433 3125 diversitate,

482 3161 618 3213 exercet.
650 3148 772 3212 Eorum
788 3170 864 3232 ergo
874 3148 984 3234 opinio
997 3163 1058 3227 est,
1069 3148 1157 3235 quod
1169 3148 1280 3213 eadem
1294 3148 1433 3235 potentia

481 3268 567 3311 nunc
597 3248 723 3323 sentiat,
754 3271 839 3314 nunc
869 3264 1076 3332 memoretur,
1106 3270 1192 3315 nunc
1223 3251 1434 3337 imaginetur:

483 3364 569 3413 nunc
594 3346 752 3413 discernat
775 3350 1009 3435 investigando,
1033 3372 1117 3417 nunc
1139 3352 1329 3438 investigata
1351 3372 1434 3417 aese-

482 3447 612 3536 quando
632 3449 802 3537 intelligat.
847 3449 910 3515 Sed
930 3444 1039 3538 piures
1058 3468 1133 3520 tunt
1153 3459 1351 3521 econtrario
1365 3475 1434 3519 aen·

482 3552 608 3631 tientes,
635 3553 771 3617 animam
798 3552 931 3640 quidem
957 3558 1139 3641 quantitate
1163 3558 1350 3643 simplicem,
1375 3556 1433 3623 aed

482 3656 695 3742 qualitatibus
720 3656 941 3744 compositam,
961 3670 995 3723 et
1020 3662 1104 3725 sicut
1130 3662 1239 3727 multia
1261 3660 1431 3727 obnoxiam

482 3756 693 3844 passionibus,
708 3758 752 3822 sic
772 3758 883 3823 multia
904 3760 1055 3845 potentiis
1078 3774 1230 3828 utentem.
1276 3766 1322 3829 Et
1342 3764 1433 3828 facile

482 3856 613 3945 quidem
628 3858 816 3923 crediderim
833 3858 941 3945 plures
955 3882 1033 3939 esse,
1049 3882 1145 3949 quam
1163 3884 1273 3929 eorum
1290 3868 1331 3930 sit
1346 3862 1435 3929 libria

483 3978 684 4046 expressunt:
701 3980 801 4045 quum
812 3960 1015 4043 anima,dum
1026 3966 1437 4054 aDominoperegrinatur,

483 4082 550 4131 suae
563 4059 695 4147 originis
710 4060 805 4145 nimia
819 4061 940 4149 ignara,
957 4066 1010 4130 vix
1027 4066 1108 4132 rirea
1122 4090 1196 4134 suas
1209 4085 1370 4155 agnoscat.
