3625 5317
666 791 739 838 vrri
756 791 872 838 ssuerr
887 791 1042 838 rusucur-
1271 778 1334 838 823

381 946 470 1008 tiobe
494 945 653 1008 Beccensi
675 965 695 1007 a
716 943 822 1008 relide
843 956 972 1008 curatus
993 954 1044 1008 est
1067 943 1262 1019 infirmitate,
1283 963 1331 1006 re·

381 1065 511 1130 spersus
531 1065 615 1128 aque
636 1046 678 1108 ab
693 1046 845 1108 anselmo
868 1044 1047 1128 purificata.
1091 1045 1166 1108 Hoc
1190 1043 1275 1106 enirn
1296 1043 1331 1106 in
1452 1090 1456 1099 ,

380 1146 514 1210 somniis
536 1146 676 1208 monitus
697 1146 809 1222 suerat,
824 1145 900 1209 dum
915 1147 980 1210 sere
995 1147 1028 1209 iu
1046 1146 1120 1210 vitae
1135 1144 1228 1209 exitu
1241 1145 1331 1208 labo-

379 1249 480 1310 mbet.
525 1247 582 1308 Vir
596 1247 756 1311 litemrum
779 1246 958 1310 eruditione
980 1258 1013 1310 et
1026 1269 1150 1310 monim
1164 1246 1331 1310 honestate

377 1347 558 1427 laudabilis,
574 1349 662 1412 Boso
677 1349 819 1426 nomine,
833 1347 884 1410 his
900 1349 998 1411 terme
1013 1348 1128 1411 diebus
1142 1369 1201 1431 per
1216 1348 1329 1412 Ansel·

379 1468 468 1510 mum
487 1448 718 1512 monachorum
744 1458 792 1511 est
814 1447 992 1512 associatus
1013 1449 1162 1528 collegio.
1206 1448 1274 1512 Sed
1295 1448 1330 1510 iu

380 1551 466 1613 brevi
482 1550 564 1615 adeo
586 1559 760 1634 temptatus
783 1561 841 1624 est,
865 1559 901 1612 ut
925 1549 1173 1630 cogitationibus
1197 1547 1330 1613 distrac-

378 1661 441 1727 tus,
456 1653 577 1715 nullam
593 1651 724 1715 omniuo
738 1651 872 1714 haberet
891 1650 1045 1733 requiem.
1089 1648 1235 1713 Tandem
1255 1659 1332 1732 post

378 1751 449 1814 dies
463 1751 586 1833 aliquot
600 1751 753 1814 Anselmo
775 1750 853 1834 qnid
871 1751 1008 1834 patiatur
1026 1751 1170 1833 exponit.
1216 1753 1259 1814 At
1273 1750 1329 1813 ille

379 1855 433 1934 pio
445 1853 670 1935 compatientis
682 1855 798 1916 affeetu
808 1854 917 1916 refert:
933 1851 1186 1917 “Consulattibi
1202 1853 1330 1916 Deus:''

377 1963 410 2016 et
424 1953 543 2017 exinde
559 1954 714 2018 mentium
729 1965 796 2018 tota
811 1954 978 2037 temptatio
998 1953 1155 2017 discessit.
1199 1953 1329 2016 Referre

379 2066 457 2138 quot
487 2075 589 2136 aegros
618 2056 785 2131 curaverit,
814 2055 872 2119 sed
901 2056 1042 2119 maxime
1070 2055 1252 2133 febrientes,
1278 2056 1329 2118 vel

378 2177 492 2218 manus
506 2156 712 2239 impositione
728 2157 777 2222 rel
792 2178 877 2240 aqua
895 2177 1045 2220 manuum
1062 2159 1112 2219 rel
1127 2177 1211 2239 pane
1230 2157 1329 2220 bene·

378 2254 477 2333 dicto,
506 2257 694 2339 perlongum
728 2270 785 2322 est.
841 2259 926 2320 Nam
959 2257 1001 2320 ad
1029 2255 1181 2340 reliquias
1209 2277 1329 2321 mensae

377 2367 566 2438 aegrotantes
577 2357 729 2440 plurimos
743 2355 943 2422 convaluisse
958 2360 1083 2423 celebre
1095 2369 1146 2422 est
1159 2370 1194 2423 et
1207 2379 1325 2423 rerum.

377 2658 458 2743 Cap.
475 2666 504 2724 7.
541 2663 594 2725 De
613 2663 752 2742 glorioso
773 2681 846 2744 rege
874 2661 1030 2727 Witlelmo
1053 2665 1180 2743 primo:
1204 2664 1327 2727 decedit

419 2760 459 2821 od
473 2763 530 2824 loc
551 2762 676 2825 seculo:
698 2765 847 2825 successit
868 2765 899 2825 ei
914 2765 951 2824 in
970 2782 1081 2842 regum
1104 2764 1229 2842 Anglin
1251 2763 1327 2828 Wil-

418 2862 534 2922 lelmue
543 2859 1227 2942 thsusfilt'ueg’us,uirpnrumjuatueeut
1235 2867 1325 2945 piae.

417 2957 589 3021 dammae
596 2957 725 3040 scripsit
739 2959 855 3022 librum
871 2960 911 3023 de
927 2957 1165 3022 [coornatione
1186 2961 1274 3024 Verbi
1287 2967 1326 3027 ia

419 3057 553 3137 Angliu.
670 3083 672 3088 ·

418 3261 628 3325 Dscsueurs
643 3263 782 3344 glorioso
791 3283 863 3345 rege
879 3264 1054 3338 willelmo,
1070 3265 1226 3330 successit
1240 3266 1326 3331 filius

373 3379 451 3422 suus
461 3361 655 3438 Willelmus,
665 3363 720 3445 qui
732 3361 836 3424 Rufus
851 3365 1096 3444 cognominatus
1109 3375 1158 3428 est
1163 3387 1173 3440 ;
1195 3364 1242 3427 vir
1258 3364 1327 3449 qui-

374 3458 449 3522 dem
463 3461 558 3524 armis
573 3473 733 3539 strenuus,
748 3461 806 3524 sed
822 3483 935 3544 parum
946 3464 1055 3547 justus
1070 3474 1127 3528 aut
1139 3467 1232 3547 pius3
1250 3486 1324 3547 pro·

373 3559 467 3641 digus
482 3562 543 3638 eui,
558 3573 713 3644 appetens
729 3562 837 3639 alieni,
855 3563 988 3626 ferarum
1005 3564 1251 3637 amantissimus,
1267 3564 1325 3627 sed

372 3659 665 3741 negligentissimus
677 3662 864 3739 animarum,
881 3661 984 3724 sautor
999 3660 1121 3722 militiae
1136 3660 1325 3736 amelium,

372 3759 430 3822 sed
441 3761 588 3824 ecclesiae
604 3773 636 3825 et
647 3763 840 3826 innocentiae
851 3758 1148 3825 vehementissimus
1159 3782 1326 3846 oppugna·

371 3870 431 3936 tor,
447 3861 620 3942 voluptatis
634 3873 773 3926 sectator
787 3863 976 3926 acerrimus:
1000 3870 1111 3944 utpote
1126 3863 1160 3926 iu
1176 3884 1241 3947 quo
1256 3865 1325 3929 sine

371 3957 469 4022 modo
483 3969 516 4020 et
531 3979 677 4022 mensura
688 3962 840 4042 rigebant
848 3962 968 4045 pariter
981 3962 1191 4026 amormundi
1202 3974 1235 4027 et
1245 3985 1323 4028 con·

371 4068 510 4141 temptas
523 4059 595 4122 Dei.
640 4061 736 4132 Quod
749 4083 823 4124 vero
836 4062 976 4125 maxime
987 4063 1166 4145 principem
1176 4060 1323 4140 dedecet,

371 4162 491 4224 nullam
504 4161 647 4244 corporis
662 4162 868 4224 reverentiam
883 4163 1019 4241 habens,
1035 4164 1122 4225 omni
1136 4185 1171 4226 se
1185 4163 1322 4228 immun-

371 4259 449 4324 ditie
458 4260 657 4343 deturpabat.
706 4261 780 4324 Nou
792 4263 893 4326 solum
906 4264 1042 4340 nobiles,
1052 4261 1110 4326 sed
1121 4263 1216 4325 ctiam
1229 4266 1323 4347 plebs

369 4361 443 4424 licet
456 4363 573 4426 afflicte
590 4373 748 4446 quatenus
763 4377 898 4445 poterat,
915 4377 950 4426 ut
965 4365 1033 4427 fieri
1046 4364 1136 4439 solet,
1145 4364 1322 4448 principem
