<?xml version="1.0" encoding="UTF-8"?>
<!DOCTYPE html PUBLIC "-//W3C//DTD XHTML 1.0 Transitional//EN"
    "http://www.w3.org/TR/xhtml1/DTD/xhtml1-transitional.dtd">
<html xmlns="http://www.w3.org/1999/xhtml" xml:lang="en" lang="en">
 <head>
  <title>
</title>
<meta http-equiv="Content-Type" content="text/html;charset=utf-8" />
  <meta name='ocr-system' content='tesseract 3.04.00' />
  <meta name='ocr-capabilities' content='ocr_page ocr_carea ocr_par ocr_line ocrx_word'/>
</head>
<body>
  <div class='ocr_page' id='page_1' title='image "./joannissaresber13johngoog_0045.png"; bbox 0 0 3625 5317; ppageno 0'>
   <div class='ocr_carea' id='block_1_1' title="bbox 380 800 1371 880">
    <p class='ocr_par' dir='ltr' id='par_1_1' title="bbox 380 800 1371 880">
     <span class='ocr_line' id='line_1_1' title="bbox 380 800 1371 880; baseline -0.005 -17"><span class='ocrx_word' id='word_1_1' title='bbox 380 816 453 863; x_wconf 79' lang='lat' dir='ltr'><strong>car.</strong></span> <span class='ocrx_word' id='word_1_2' title='bbox 471 801 546 880; x_wconf 84' lang='lat' dir='ltr'><strong>xm]</strong></span> <span class='ocrx_word' id='word_1_3' title='bbox 775 816 1019 861; x_wconf 75' lang='lat' dir='ltr'><strong>unrauoarcus</strong></span> <span class='ocrx_word' id='word_1_4' title='bbox 1290 800 1332 860; x_wconf 64' lang='lat' dir='ltr'><strong>bt</strong></span> <span class='ocrx_word' id='word_1_5' title='bbox 1363 840 1371 855; x_wconf 92' lang='lat'><strong><em>.</em></strong></span> 
     </span>
    </p>
   </div>
   <div class='ocr_carea' id='block_1_2' title="bbox 377 965 1335 1835">
    <p class='ocr_par' dir='ltr' id='par_1_2' title="bbox 377 965 1335 1835">
     <span class='ocr_line' id='line_1_2' title="bbox 380 965 1330 1055; baseline -0.001 -23"><span class='ocrx_word' id='word_1_6' title='bbox 380 968 505 1055; x_wconf 86' lang='lat' dir='ltr'><strong>sapiens</strong></span> <span class='ocrx_word' id='word_1_7' title='bbox 514 967 643 1055; x_wconf 88' lang='lat' dir='ltr'><strong>quidam</strong></span> <span class='ocrx_word' id='word_1_8' title='bbox 657 968 719 1044; x_wconf 86' lang='lat' dir='ltr'><strong>(cui</strong></span> <span class='ocrx_word' id='word_1_9' title='bbox 731 968 808 1034; x_wconf 93' lang='lat' dir='ltr'><strong>dicti</strong></span> <span class='ocrx_word' id='word_1_10' title='bbox 821 967 923 1031; x_wconf 87' lang='lat' dir='ltr'><strong>babeo</strong></span> <span class='ocrx_word' id='word_1_11' title='bbox 931 967 1079 1051; x_wconf 79' lang='lat' dir='ltr'><strong>gratiam)</strong></span> <span class='ocrx_word' id='word_1_12' title='bbox 1091 965 1150 1029; x_wconf 85' lang='lat' dir='ltr'><strong>ait:</strong></span> <span class='ocrx_word' id='word_1_13' title='bbox 1167 966 1330 1052; x_wconf 86' lang='lat' dir='ltr'><strong>ingenium</strong></span> 
     </span>
     <span class='ocr_line' id='line_1_3' title="bbox 377 1068 1333 1155; baseline -0.001 -23"><span class='ocrx_word' id='word_1_14' title='bbox 377 1091 398 1132; x_wconf 90' lang='lat' dir='ltr'><strong>a</strong></span> <span class='ocrx_word' id='word_1_15' title='bbox 420 1080 533 1133; x_wconf 86' lang='lat' dir='ltr'><strong>natura</strong></span> <span class='ocrx_word' id='word_1_16' title='bbox 555 1069 779 1154; x_wconf 82' lang='lat' dir='ltr'><strong>proficiscitur,</strong></span> <span class='ocrx_word' id='word_1_17' title='bbox 797 1071 936 1155; x_wconf 85' lang='lat' dir='ltr'><strong>juvatur</strong></span> <span class='ocrx_word' id='word_1_18' title='bbox 962 1090 1036 1144; x_wconf 87' lang='lat' dir='ltr'><strong>usu,</strong></span> <span class='ocrx_word' id='word_1_19' title='bbox 1058 1068 1267 1133; x_wconf 86' lang='lat' dir='ltr'><strong>immoderato</strong></span> <span class='ocrx_word' id='word_1_20' title='bbox 1288 1072 1333 1133; x_wconf 88' lang='lat' dir='ltr'><strong>la-</strong></span> 
     </span>
     <span class='ocr_line' id='line_1_4' title="bbox 379 1168 1331 1255; baseline 0.001 -23"><span class='ocrx_word' id='word_1_21' title='bbox 379 1168 455 1232; x_wconf 90' lang='lat' dir='ltr'><strong>bore</strong></span> <span class='ocrx_word' id='word_1_22' title='bbox 475 1168 669 1245; x_wconf 88' lang='lat' dir='ltr'><strong>retunditur,</strong></span> <span class='ocrx_word' id='word_1_23' title='bbox 692 1182 724 1235; x_wconf 86' lang='lat' dir='ltr'><strong>et</strong></span> <span class='ocrx_word' id='word_1_24' title='bbox 747 1180 924 1255; x_wconf 88' lang='lat' dir='ltr'><strong>temperato</strong></span> <span class='ocrx_word' id='word_1_25' title='bbox 946 1168 1072 1233; x_wconf 90' lang='lat' dir='ltr'><strong>acuitur</strong></span> <span class='ocrx_word' id='word_1_26' title='bbox 1092 1169 1252 1235; x_wconf 84' lang='lat' dir='ltr'><strong>exercitio.</strong></span> <span class='ocrx_word' id='word_1_27' title='bbox 1299 1170 1331 1234; x_wconf 89' lang='lat' dir='ltr'><strong>Si</strong></span> 
     </span>
     <span class='ocr_line' id='line_1_5' title="bbox 378 1267 1333 1357; baseline -0.001 -24"><span class='ocrx_word' id='word_1_28' title='bbox 378 1269 459 1333; x_wconf 86' lang='lat' dir='ltr'><strong>enim</strong></span> <span class='ocrx_word' id='word_1_29' title='bbox 484 1269 695 1357; x_wconf 88' lang='lat' dir='ltr'><strong>compositum</strong></span> <span class='ocrx_word' id='word_1_30' title='bbox 722 1270 832 1345; x_wconf 84' lang='lat' dir='ltr'><strong>luerit,</strong></span> <span class='ocrx_word' id='word_1_31' title='bbox 845 1282 876 1333; x_wconf 86' lang='lat' dir='ltr'><strong>et</strong></span> <span class='ocrx_word' id='word_1_32' title='bbox 893 1267 1035 1354; x_wconf 80' lang='lat' dir='ltr'><strong>legitime</strong></span> <span class='ocrx_word' id='word_1_33' title='bbox 1058 1280 1253 1345; x_wconf 79' lang='lat' dir='ltr'><strong>exerceatur,</strong></span> <span class='ocrx_word' id='word_1_34' title='bbox 1269 1290 1333 1332; x_wconf 93' lang='lat' dir='ltr'><strong>non</strong></span> 
     </span>
     <span class='ocr_line' id='line_1_6' title="bbox 380 1368 1334 1456; baseline 0.001 -22"><span class='ocrx_word' id='word_1_35' title='bbox 380 1370 475 1434; x_wconf 92' lang='lat' dir='ltr'><strong>modo</strong></span> <span class='ocrx_word' id='word_1_36' title='bbox 504 1372 545 1435; x_wconf 90' lang='lat' dir='ltr'><strong>ad</strong></span> <span class='ocrx_word' id='word_1_37' title='bbox 575 1371 692 1435; x_wconf 89' lang='lat' dir='ltr'><strong>artium</strong></span> <span class='ocrx_word' id='word_1_38' title='bbox 717 1371 924 1456; x_wconf 84' lang='lat' dir='ltr'><strong>capacitatem</strong></span> <span class='ocrx_word' id='word_1_39' title='bbox 956 1368 1100 1445; x_wconf 88' lang='lat' dir='ltr'><strong>sufficiet,</strong></span> <span class='ocrx_word' id='word_1_40' title='bbox 1130 1370 1183 1433; x_wconf 88' lang='lat' dir='ltr'><strong>sed</strong></span> <span class='ocrx_word' id='word_1_41' title='bbox 1213 1370 1254 1434; x_wconf 89' lang='lat' dir='ltr'><strong>ad</strong></span> <span class='ocrx_word' id='word_1_42' title='bbox 1284 1394 1334 1435; x_wconf 86' lang='lat' dir='ltr'><strong>res</strong></span> 
     </span>
     <span class='ocr_line' id='line_1_7' title="bbox 380 1459 1335 1556; baseline 0.002 -21"><span class='ocrx_word' id='word_1_43' title='bbox 380 1471 617 1556; x_wconf 88' lang='lat' dir='ltr'><strong>quodammodo</strong></span> <span class='ocrx_word' id='word_1_44' title='bbox 630 1471 820 1537; x_wconf 85' lang='lat' dir='ltr'><strong>naturaliter</strong></span> <span class='ocrx_word' id='word_1_45' title='bbox 839 1459 1078 1547; x_wconf 83' lang='lat' dir='ltr'><strong>inaccessibiles,</strong></span> <span class='ocrx_word' id='word_1_46' title='bbox 1095 1485 1212 1536; x_wconf 90' lang='lat' dir='ltr'><strong>rectam</strong></span> <span class='ocrx_word' id='word_1_47' title='bbox 1233 1485 1265 1537; x_wconf 89' lang='lat' dir='ltr'><strong>et</strong></span> <span class='ocrx_word' id='word_1_48' title='bbox 1280 1494 1335 1537; x_wconf 84' lang='lat' dir='ltr'><strong>ex-</strong></span> 
     </span>
     <span class='ocr_line' id='line_1_8' title="bbox 379 1570 1334 1656; baseline 0.001 -20"><span class='ocrx_word' id='word_1_49' title='bbox 379 1570 521 1656; x_wconf 83' lang='lat' dir='ltr'><strong>peditam</strong></span> <span class='ocrx_word' id='word_1_50' title='bbox 547 1571 687 1635; x_wconf 86' lang='lat' dir='ltr'><strong>inveniet</strong></span> <span class='ocrx_word' id='word_1_51' title='bbox 718 1572 820 1637; x_wconf 82' lang='lat' dir='ltr'><strong>riam:</strong></span> <span class='ocrx_word' id='word_1_52' title='bbox 846 1584 878 1636; x_wconf 88' lang='lat' dir='ltr'><strong>et</strong></span> <span class='ocrx_word' id='word_1_53' title='bbox 907 1572 949 1635; x_wconf 87' lang='lat' dir='ltr'><strong>ad</strong></span> <span class='ocrx_word' id='word_1_54' title='bbox 972 1572 1036 1635; x_wconf 91' lang='lat' dir='ltr'><strong>cito</strong></span> <span class='ocrx_word' id='word_1_55' title='bbox 1059 1572 1256 1653; x_wconf 86' lang='lat' dir='ltr'><strong>discendum,</strong></span> <span class='ocrx_word' id='word_1_56' title='bbox 1278 1587 1334 1637; x_wconf 91' lang='lat' dir='ltr'><strong>aut</strong></span> 
     </span>
     <span class='ocr_line' id='line_1_9' title="bbox 380 1670 1335 1756; baseline 0.002 -23"><span class='ocrx_word' id='word_1_57' title='bbox 380 1670 559 1736; x_wconf 92' lang='lat' dir='ltr'><strong>docendum</strong></span> <span class='ocrx_word' id='word_1_58' title='bbox 591 1670 745 1756; x_wconf 89' lang='lat' dir='ltr'><strong>quicquid</strong></span> <span class='ocrx_word' id='word_1_59' title='bbox 776 1682 903 1755; x_wconf 87' lang='lat' dir='ltr'><strong>oportet</strong></span> <span class='ocrx_word' id='word_1_60' title='bbox 926 1670 1088 1755; x_wconf 76' lang='lat' dir='ltr'><strong>expedite,</strong></span> <span class='ocrx_word' id='word_1_61' title='bbox 1118 1671 1335 1735; x_wconf 85' lang='lat' dir='ltr'><strong>fidelissimum</strong></span> 
     </span>
     <span class='ocr_line' id='line_1_10' title="bbox 384 1771 456 1835; baseline 0 -1"><span class='ocrx_word' id='word_1_62' title='bbox 384 1771 456 1835; x_wconf 88' lang='lat' dir='ltr'><strong>erit.</strong></span> 
     </span>
    </p>
   </div>
   <div class='ocr_carea' id='block_1_3' title="bbox 503 1958 1229 2043">
    <p class='ocr_par' dir='ltr' id='par_1_3' title="bbox 503 1958 1229 2043">
     <span class='ocr_line' id='line_1_11' title="bbox 503 1958 1229 2043; baseline 0 -19"><span class='ocrx_word' id='word_1_63' title='bbox 503 1961 583 2043; x_wconf 85' lang='lat' dir='ltr'><strong>Cap.</strong></span> <span class='ocrx_word' id='word_1_64' title='bbox 599 1964 649 2023; x_wconf 82' lang='lat'><strong>12.</strong></span> <span class='ocrx_word' id='word_1_65' title='bbox 697 1958 791 2023; x_wconf 77' lang='lat' dir='ltr'><strong>Unda</strong></span> <span class='ocrx_word' id='word_1_66' title='bbox 804 1968 891 2023; x_wconf 79' lang='lat' dir='ltr'><strong>ortua</strong></span> <span class='ocrx_word' id='word_1_67' title='bbox 904 1960 1060 2023; x_wconf 80' lang='lat' dir='ltr'><strong>dicuntur</strong></span> <span class='ocrx_word' id='word_1_68' title='bbox 1073 1960 1229 2024; x_wconf 78' lang='lat' dir='ltr'><strong>liberatae.</strong></span> 
     </span>
    </p>
   </div>
   <div class='ocr_carea' id='block_1_4' title="bbox 387 2076 1395 2670">
    <p class='ocr_par' dir='ltr' id='par_1_4' title="bbox 387 2076 1395 2670">
     <span class='ocr_line' id='line_1_12' title="bbox 433 2076 1338 2165; baseline 0.001 -23"><span class='ocrx_word' id='word_1_69' title='bbox 433 2079 500 2142; x_wconf 84' lang='lat' dir='ltr'><strong>Sao</strong></span> <span class='ocrx_word' id='word_1_70' title='bbox 512 2099 614 2163; x_wconf 92' lang='lat' dir='ltr'><strong>quum</strong></span> <span class='ocrx_word' id='word_1_71' title='bbox 627 2076 742 2139; x_wconf 88' lang='lat' dir='ltr'><strong>artium</strong></span> <span class='ocrx_word' id='word_1_72' title='bbox 759 2076 862 2141; x_wconf 88' lang='lat' dir='ltr'><strong>multa</strong></span> <span class='ocrx_word' id='word_1_73' title='bbox 877 2077 941 2141; x_wconf 90' lang='lat' dir='ltr'><strong>sint</strong></span> <span class='ocrx_word' id='word_1_74' title='bbox 954 2099 1082 2163; x_wconf 86' lang='lat' dir='ltr'><strong>genera,</strong></span> <span class='ocrx_word' id='word_1_75' title='bbox 1093 2077 1223 2162; x_wconf 87' lang='lat' dir='ltr'><strong>iugenio</strong></span> <span class='ocrx_word' id='word_1_76' title='bbox 1237 2078 1338 2165; x_wconf 79' lang='lat' dir='ltr'><strong>philo</strong></span> 
     </span>
     <span class='ocr_line' id='line_1_13' title="bbox 388 2176 1395 2266; baseline 0.002 -23"><span class='ocrx_word' id='word_1_77' title='bbox 388 2179 551 2266; x_wconf 84' lang='lat' dir='ltr'><strong>sophantis</strong></span> <span class='ocrx_word' id='word_1_78' title='bbox 573 2176 669 2242; x_wconf 90' lang='lat' dir='ltr'><strong>animi</strong></span> <span class='ocrx_word' id='word_1_79' title='bbox 690 2177 804 2264; x_wconf 78' lang='lat' dir='ltr'><strong>primae</strong></span> <span class='ocrx_word' id='word_1_80' title='bbox 826 2182 969 2243; x_wconf 91' lang='lat' dir='ltr'><strong>omnium</strong></span> <span class='ocrx_word' id='word_1_81' title='bbox 991 2177 1135 2244; x_wconf 85' lang='lat' dir='ltr'><strong>liberales</strong></span> <span class='ocrx_word' id='word_1_82' title='bbox 1157 2195 1339 2246; x_wconf 87' lang='lat' dir='ltr'><strong>occurrunt.</strong></span> <span class='ocrx_word' id='word_1_83' title='bbox 1389 2216 1395 2227; x_wconf 89' lang='lat'><strong>·</strong></span> 
     </span>
     <span class='ocr_line' id='line_1_14' title="bbox 388 2278 1340 2366; baseline 0.003 -23"><span class='ocrx_word' id='word_1_84' title='bbox 388 2278 451 2345; x_wconf 84' lang='lat' dir='ltr'><strong>Hae</strong></span> <span class='ocrx_word' id='word_1_85' title='bbox 466 2278 595 2366; x_wconf 90' lang='lat' dir='ltr'><strong>quidem</strong></span> <span class='ocrx_word' id='word_1_86' title='bbox 612 2300 731 2356; x_wconf 89' lang='lat' dir='ltr'><strong>omnes,</strong></span> <span class='ocrx_word' id='word_1_87' title='bbox 748 2292 804 2343; x_wconf 89' lang='lat' dir='ltr'><strong>aut</strong></span> <span class='ocrx_word' id='word_1_88' title='bbox 822 2279 940 2357; x_wconf 86' lang='lat' dir='ltr'><strong>Trivii,</strong></span> <span class='ocrx_word' id='word_1_89' title='bbox 955 2292 1012 2344; x_wconf 90' lang='lat' dir='ltr'><strong>aut</strong></span> <span class='ocrx_word' id='word_1_90' title='bbox 1036 2280 1201 2358; x_wconf 84' lang='lat' dir='ltr'><strong>Quadrivii</strong></span> <span class='ocrx_word' id='word_1_91' title='bbox 1218 2282 1340 2347; x_wconf 85' lang='lat' dir='ltr'><strong>ratione</strong></span> 
     </span>
     <span class='ocr_line' id='line_1_15' title="bbox 387 2379 1338 2446; baseline 0.003 -3"><span class='ocrx_word' id='word_1_92' title='bbox 387 2379 599 2445; x_wconf 89' lang='lat' dir='ltr'><strong>clauduntur:</strong></span> <span class='ocrx_word' id='word_1_93' title='bbox 624 2392 656 2444; x_wconf 86' lang='lat' dir='ltr'><strong>et</strong></span> <span class='ocrx_word' id='word_1_94' title='bbox 677 2393 797 2444; x_wconf 89' lang='lat' dir='ltr'><strong>tantam</strong></span> <span class='ocrx_word' id='word_1_95' title='bbox 813 2379 967 2445; x_wconf 90' lang='lat' dir='ltr'><strong>dicuntur</strong></span> <span class='ocrx_word' id='word_1_96' title='bbox 981 2380 1156 2445; x_wconf 81' lang='lat' dir='ltr'><strong>obtinuisse</strong></span> <span class='ocrx_word' id='word_1_97' title='bbox 1170 2381 1338 2446; x_wconf 86' lang='lat' dir='ltr'><strong>efficaciam</strong></span> 
     </span>
     <span class='ocr_line' id='line_1_16' title="bbox 387 2478 1339 2569; baseline 0.001 -24"><span class='ocrx_word' id='word_1_98' title='bbox 387 2482 474 2569; x_wconf 92' lang='lat' dir='ltr'><strong>apud</strong></span> <span class='ocrx_word' id='word_1_99' title='bbox 489 2484 703 2569; x_wconf 86' lang='lat' dir='ltr'><strong>majores,qui</strong></span> <span class='ocrx_word' id='word_1_100' title='bbox 718 2482 764 2545; x_wconf 89' lang='lat' dir='ltr'><strong>eis</strong></span> <span class='ocrx_word' id='word_1_101' title='bbox 778 2478 948 2567; x_wconf 84' lang='lat' dir='ltr'><strong>diligenter</strong></span> <span class='ocrx_word' id='word_1_102' title='bbox 959 2481 1150 2563; x_wconf 87' lang='lat' dir='ltr'><strong>institerant,</strong></span> <span class='ocrx_word' id='word_1_103' title='bbox 1165 2498 1202 2547; x_wconf 91' lang='lat' dir='ltr'><strong>ut</strong></span> <span class='ocrx_word' id='word_1_104' title='bbox 1212 2506 1339 2548; x_wconf 90' lang='lat' dir='ltr'><strong>omnem</strong></span> 
     </span>
     <span class='ocr_line' id='line_1_17' title="bbox 387 2582 1341 2670; baseline 0.004 -24"><span class='ocrx_word' id='word_1_105' title='bbox 387 2584 543 2669; x_wconf 88' lang='lat' dir='ltr'><strong>aperirent</strong></span> <span class='ocrx_word' id='word_1_106' title='bbox 567 2583 742 2655; x_wconf 87' lang='lat' dir='ltr'><strong>lectionem,</strong></span> <span class='ocrx_word' id='word_1_107' title='bbox 765 2582 804 2646; x_wconf 88' lang='lat' dir='ltr'><strong>ad</strong></span> <span class='ocrx_word' id='word_1_108' title='bbox 825 2583 932 2647; x_wconf 87' lang='lat' dir='ltr'><strong>omnia</strong></span> <span class='ocrx_word' id='word_1_109' title='bbox 953 2583 1149 2648; x_wconf 89' lang='lat' dir='ltr'><strong>intellectum</strong></span> <span class='ocrx_word' id='word_1_110' title='bbox 1171 2589 1341 2670; x_wconf 87' lang='lat' dir='ltr'><strong>erigerent,</strong></span> 
     </span>
    </p>
   </div>
   <div class='ocr_carea' id='block_1_5' title="bbox 304 2685 1368 4283">
    <p class='ocr_par' dir='ltr' id='par_1_5' title="bbox 304 2685 1368 4283">
     <span class='ocr_line' id='line_1_18' title="bbox 388 2685 1368 2771; baseline 0.006 -24"><span class='ocrx_word' id='word_1_111' title='bbox 388 2696 421 2749; x_wconf 90' lang='lat' dir='ltr'><strong>et</strong></span> <span class='ocrx_word' id='word_1_112' title='bbox 436 2685 576 2750; x_wconf 89' lang='lat' dir='ltr'><strong>omnium</strong></span> <span class='ocrx_word' id='word_1_113' title='bbox 599 2685 824 2770; x_wconf 82' lang='lat' dir='ltr'><strong>quaestionum,</strong></span> <span class='ocrx_word' id='word_1_114' title='bbox 846 2709 920 2771; x_wconf 83' lang='lat' dir='ltr'><strong>quae</strong></span> <span class='ocrx_word' id='word_1_115' title='bbox 943 2686 1072 2770; x_wconf 89' lang='lat' dir='ltr'><strong>probari</strong></span> <span class='ocrx_word' id='word_1_116' title='bbox 1095 2700 1242 2771; x_wconf 88' lang='lat' dir='ltr'><strong>possunt,</strong></span> <span class='ocrx_word' id='word_1_117' title='bbox 1260 2688 1341 2753; x_wconf 85' lang='lat' dir='ltr'><strong>diffi-</strong></span> <span class='ocrx_word' id='word_1_118' title='bbox 1365 2710 1368 2713; x_wconf 77' lang='grc'><strong>’</strong></span> 
     </span>
     <span class='ocr_line' id='line_1_19' title="bbox 387 2785 1343 2869; baseline 0.003 -20"><span class='ocrx_word' id='word_1_119' title='bbox 387 2786 538 2852; x_wconf 88' lang='lat' dir='ltr'><strong>cultatem</strong></span> <span class='ocrx_word' id='word_1_120' title='bbox 562 2785 739 2851; x_wconf 88' lang='lat' dir='ltr'><strong>sufficerent</strong></span> <span class='ocrx_word' id='word_1_121' title='bbox 770 2785 918 2850; x_wconf 84' lang='lat' dir='ltr'><strong>enodare.</strong></span> <span class='ocrx_word' id='word_1_122' title='bbox 963 2789 1078 2869; x_wconf 89' lang='lat' dir='ltr'><strong>Neque</strong></span> <span class='ocrx_word' id='word_1_123' title='bbox 1104 2786 1187 2849; x_wconf 88' lang='lat' dir='ltr'><strong>enim</strong></span> <span class='ocrx_word' id='word_1_124' title='bbox 1213 2787 1343 2852; x_wconf 88' lang='lat' dir='ltr'><strong>doctore</strong></span> 
     </span>
     <span class='ocr_line' id='line_1_20' title="bbox 389 2884 1344 2973; baseline 0 -22"><span class='ocrx_word' id='word_1_125' title='bbox 389 2888 525 2973; x_wconf 83' lang='lat' dir='ltr'><strong>egebant</strong></span> <span class='ocrx_word' id='word_1_126' title='bbox 548 2887 579 2950; x_wconf 92' lang='lat' dir='ltr'><strong>in</strong></span> <span class='ocrx_word' id='word_1_127' title='bbox 602 2886 780 2971; x_wconf 87' lang='lat' dir='ltr'><strong>aperiendis</strong></span> <span class='ocrx_word' id='word_1_128' title='bbox 796 2886 895 2963; x_wconf 88' lang='lat' dir='ltr'><strong>libris,</strong></span> <span class='ocrx_word' id='word_1_129' title='bbox 911 2902 969 2950; x_wconf 82' lang='lat' dir='ltr'><strong>aut</strong></span> <span class='ocrx_word' id='word_1_130' title='bbox 984 2884 1220 2971; x_wconf 67' lang='lat' dir='ltr'><strong>quaestionibus</strong></span> <span class='ocrx_word' id='word_1_131' title='bbox 1233 2886 1344 2951; x_wconf 89' lang='lat' dir='ltr'><strong>dissol-</strong></span> 
     </span>
     <span class='ocr_line' id='line_1_21' title="bbox 387 2984 1345 3071; baseline 0.002 -21"><span class='ocrx_word' id='word_1_132' title='bbox 387 2987 504 3052; x_wconf 83' lang='lat' dir='ltr'><strong>vendis</strong></span> <span class='ocrx_word' id='word_1_133' title='bbox 519 2985 565 3065; x_wconf 90' lang='lat' dir='ltr'><strong>bi,</strong></span> <span class='ocrx_word' id='word_1_134' title='bbox 578 2986 700 3071; x_wconf 89' lang='lat' dir='ltr'><strong>quibus</strong></span> <span class='ocrx_word' id='word_1_135' title='bbox 714 2995 772 3047; x_wconf 88' lang='lat' dir='ltr'><strong>aut</strong></span> <span class='ocrx_word' id='word_1_136' title='bbox 781 2984 862 3048; x_wconf 89' lang='lat' dir='ltr'><strong>ratio</strong></span> <span class='ocrx_word' id='word_1_137' title='bbox 872 2985 977 3048; x_wconf 86' lang='lat' dir='ltr'><strong>Trivii</strong></span> <span class='ocrx_word' id='word_1_138' title='bbox 990 2984 1133 3047; x_wconf 91' lang='lat' dir='ltr'><strong>omnium</strong></span> <span class='ocrx_word' id='word_1_139' title='bbox 1150 3008 1345 3066; x_wconf 85' lang='lat' dir='ltr'><strong>sermonum,</strong></span> 
     </span>
     <span class='ocr_line' id='line_1_22' title="bbox 388 3082 1344 3173; baseline 0.003 -21"><span class='ocrx_word' id='word_1_140' title='bbox 388 3098 447 3152; x_wconf 90' lang='lat' dir='ltr'><strong>aut</strong></span> <span class='ocrx_word' id='word_1_141' title='bbox 471 3085 639 3163; x_wconf 85' lang='lat' dir='ltr'><strong>Quadrivii</strong></span> <span class='ocrx_word' id='word_1_142' title='bbox 660 3082 723 3160; x_wconf 91' lang='lat' dir='ltr'><strong>lex,</strong></span> <span class='ocrx_word' id='word_1_143' title='bbox 747 3084 846 3149; x_wconf 87' lang='lat' dir='ltr'><strong>totius</strong></span> <span class='ocrx_word' id='word_1_144' title='bbox 866 3096 992 3147; x_wconf 81' lang='lat' dir='ltr'><strong>naturoe</strong></span> <span class='ocrx_word' id='word_1_145' title='bbox 1014 3096 1132 3149; x_wconf 86' lang='lat' dir='ltr'><strong>secreta</strong></span> <span class='ocrx_word' id='word_1_146' title='bbox 1154 3088 1344 3173; x_wconf 86' lang='lat' dir='ltr'><strong>exponebat.</strong></span> 
     </span>
     <span class='ocr_line' id='line_1_23' title="bbox 389 3183 1345 3273; baseline 0.002 -22"><span class='ocrx_word' id='word_1_147' title='bbox 389 3184 489 3252; x_wconf 88' lang='lat' dir='ltr'><strong>Unde</strong></span> <span class='ocrx_word' id='word_1_148' title='bbox 504 3186 586 3249; x_wconf 88' lang='lat' dir='ltr'><strong>sicut</strong></span> <span class='ocrx_word' id='word_1_149' title='bbox 603 3198 686 3250; x_wconf 88' lang='lat' dir='ltr'><strong>artes</strong></span> <span class='ocrx_word' id='word_1_150' title='bbox 701 3183 796 3248; x_wconf 87' lang='lat' dir='ltr'><strong>dictae</strong></span> <span class='ocrx_word' id='word_1_151' title='bbox 817 3194 903 3258; x_wconf 81' lang='lat' dir='ltr'><strong>sunt,</strong></span> <span class='ocrx_word' id='word_1_152' title='bbox 920 3184 1062 3270; x_wconf 89' lang='lat' dir='ltr'><strong>eoquod</strong></span> <span class='ocrx_word' id='word_1_153' title='bbox 1085 3197 1209 3251; x_wconf 89' lang='lat' dir='ltr'><strong>arctant</strong></span> <span class='ocrx_word' id='word_1_154' title='bbox 1225 3188 1345 3273; x_wconf 87' lang='lat' dir='ltr'><strong>regulis</strong></span> 
     </span>
     <span class='ocr_line' id='line_1_24' title="bbox 304 3284 1345 3375; baseline 0.001 -21"><span class='ocrx_word' id='word_1_155' title='bbox 304 3350 306 3353; x_wconf 89' lang='lat'>.</span> <span class='ocrx_word' id='word_1_156' title='bbox 390 3302 423 3361; x_wconf 79' lang='lat' dir='ltr'><strong>et</strong></span> <span class='ocrx_word' id='word_1_157' title='bbox 439 3284 618 3375; x_wconf 86' lang='lat' dir='ltr'><strong>praeceptis,</strong></span> <span class='ocrx_word' id='word_1_158' title='bbox 631 3286 679 3351; x_wconf 89' lang='lat' dir='ltr'><strong>vel</strong></span> <span class='ocrx_word' id='word_1_159' title='bbox 691 3310 711 3350; x_wconf 89' lang='lat' dir='ltr'><strong>a</strong></span> <span class='ocrx_word' id='word_1_160' title='bbox 721 3286 852 3365; x_wconf 84' lang='lat' dir='ltr'><strong>virtute,</strong></span> <span class='ocrx_word' id='word_1_161' title='bbox 868 3306 942 3373; x_wconf 77' lang='lat' dir='ltr'><strong>quae</strong></span> <span class='ocrx_word' id='word_1_162' title='bbox 952 3290 1064 3353; x_wconf 77' lang='lat' dir='ltr'><strong>Graece</strong></span> <span class='ocrx_word' id='word_1_163' title='bbox 1076 3288 1160 3374; x_wconf 76' lang='grc' dir='ltr'><strong>ἄςετὴ</strong></span> <span class='ocrx_word' id='word_1_164' title='bbox 1170 3289 1298 3367; x_wconf 90' lang='lat' dir='ltr'><strong>dicitur,</strong></span> <span class='ocrx_word' id='word_1_165' title='bbox 1310 3305 1345 3357; x_wconf 90' lang='lat' dir='ltr'><strong>at</strong></span> 
     </span>
     <span class='ocr_line' id='line_1_25' title="bbox 389 3388 1345 3475; baseline 0.002 -20"><span class='ocrx_word' id='word_1_166' title='bbox 389 3390 511 3455; x_wconf 87' lang='lat' dir='ltr'><strong>animos</strong></span> <span class='ocrx_word' id='word_1_167' title='bbox 526 3391 655 3454; x_wconf 86' lang='lat' dir='ltr'><strong>roborat</strong></span> <span class='ocrx_word' id='word_1_168' title='bbox 676 3388 718 3453; x_wconf 94' lang='lat' dir='ltr'><strong>ad</strong></span> <span class='ocrx_word' id='word_1_169' title='bbox 739 3389 959 3475; x_wconf 85' lang='lat' dir='ltr'><strong>percipiendas</strong></span> <span class='ocrx_word' id='word_1_170' title='bbox 979 3390 1046 3453; x_wconf 86' lang='lat' dir='ltr'><strong>vias</strong></span> <span class='ocrx_word' id='word_1_171' title='bbox 1066 3389 1240 3475; x_wconf 76' lang='lat' dir='ltr'><strong>sapientire,</strong></span> <span class='ocrx_word' id='word_1_172' title='bbox 1254 3405 1345 3457; x_wconf 84' lang='lat' dir='ltr'><strong>autu</strong></span> 
     </span>
     <span class='ocr_line' id='line_1_26' title="bbox 389 3492 1346 3580; baseline 0.001 -23"><span class='ocrx_word' id='word_1_173' title='bbox 389 3495 522 3571; x_wconf 89' lang='lat' dir='ltr'><strong>ratione,</strong></span> <span class='ocrx_word' id='word_1_174' title='bbox 551 3492 604 3558; x_wconf 86' lang='lat' dir='ltr'><strong>cui</strong></span> <span class='ocrx_word' id='word_1_175' title='bbox 626 3492 778 3555; x_wconf 86' lang='lat' dir='ltr'><strong>alimenta</strong></span> <span class='ocrx_word' id='word_1_176' title='bbox 799 3502 831 3554; x_wconf 89' lang='lat' dir='ltr'><strong>et</strong></span> <span class='ocrx_word' id='word_1_177' title='bbox 854 3492 1050 3555; x_wconf 88' lang='lat' dir='ltr'><strong>incrementa</strong></span> <span class='ocrx_word' id='word_1_178' title='bbox 1072 3501 1196 3577; x_wconf 87' lang='lat' dir='ltr'><strong>parant,</strong></span> <span class='ocrx_word' id='word_1_179' title='bbox 1226 3516 1301 3580; x_wconf 84' lang='lat' dir='ltr'><strong>quae</strong></span> <span class='ocrx_word' id='word_1_180' title='bbox 1326 3518 1346 3558; x_wconf 89' lang='lat' dir='ltr'><strong>a</strong></span> 
     </span>
     <span class='ocr_line' id='line_1_27' title="bbox 393 3590 1346 3671; baseline 0.003 -15"><span class='ocrx_word' id='word_1_181' title='bbox 393 3591 516 3657; x_wconf 84' lang='lat' dir='ltr'><strong>Groecis</strong></span> <span class='ocrx_word' id='word_1_182' title='bbox 532 3612 616 3655; x_wconf 84' lang='lat' dir='ltr'><strong>arses</strong></span> <span class='ocrx_word' id='word_1_183' title='bbox 633 3590 858 3655; x_wconf 85' lang='lat' dir='ltr'><strong>nominantur:</strong></span> <span class='ocrx_word' id='word_1_184' title='bbox 883 3591 975 3655; x_wconf 84' lang='lat' dir='ltr'><strong>sicet</strong></span> <span class='ocrx_word' id='word_1_185' title='bbox 991 3590 1136 3657; x_wconf 87' lang='lat' dir='ltr'><strong>liberales</strong></span> <span class='ocrx_word' id='word_1_186' title='bbox 1150 3590 1244 3657; x_wconf 85' lang='lat' dir='ltr'><strong>dictae</strong></span> <span class='ocrx_word' id='word_1_187' title='bbox 1260 3607 1346 3671; x_wconf 85' lang='lat' dir='ltr'><strong>sunt,</strong></span> 
     </span>
     <span class='ocr_line' id='line_1_28' title="bbox 393 3689 1348 3779; baseline 0.003 -22"><span class='ocrx_word' id='word_1_188' title='bbox 393 3699 443 3759; x_wconf 82' lang='lat' dir='ltr'><strong>vel</strong></span> <span class='ocrx_word' id='word_1_189' title='bbox 460 3718 498 3759; x_wconf 87' lang='lat' dir='ltr'><strong>ex</strong></span> <span class='ocrx_word' id='word_1_190' title='bbox 523 3716 571 3769; x_wconf 92' lang='lat' dir='ltr'><strong>eo,</strong></span> <span class='ocrx_word' id='word_1_191' title='bbox 588 3692 676 3779; x_wconf 92' lang='lat' dir='ltr'><strong>quod</strong></span> <span class='ocrx_word' id='word_1_192' title='bbox 698 3689 824 3777; x_wconf 89' lang='lat' dir='ltr'><strong>antiqui</strong></span> <span class='ocrx_word' id='word_1_193' title='bbox 843 3689 957 3755; x_wconf 87' lang='lat' dir='ltr'><strong>liberos</strong></span> <span class='ocrx_word' id='word_1_194' title='bbox 979 3712 1053 3756; x_wconf 89' lang='lat' dir='ltr'><strong>suos</strong></span> <span class='ocrx_word' id='word_1_195' title='bbox 1074 3691 1112 3756; x_wconf 84' lang='lat' dir='ltr'><strong>iis</strong></span> <span class='ocrx_word' id='word_1_196' title='bbox 1134 3695 1348 3778; x_wconf 88' lang='lat' dir='ltr'><strong>procurabant</strong></span> 
     </span>
     <span class='ocr_line' id='line_1_29' title="bbox 392 3791 1347 3878; baseline -0.001 -16"><span class='ocrx_word' id='word_1_197' title='bbox 392 3796 538 3870; x_wconf 89' lang='lat' dir='ltr'><strong>institui;</strong></span> <span class='ocrx_word' id='word_1_198' title='bbox 565 3794 614 3857; x_wconf 86' lang='lat' dir='ltr'><strong>vel</strong></span> <span class='ocrx_word' id='word_1_199' title='bbox 643 3794 684 3857; x_wconf 90' lang='lat' dir='ltr'><strong>ab</strong></span> <span class='ocrx_word' id='word_1_200' title='bbox 710 3793 770 3857; x_wconf 90' lang='lat' dir='ltr'><strong>boc</strong></span> <span class='ocrx_word' id='word_1_201' title='bbox 795 3791 883 3877; x_wconf 93' lang='lat' dir='ltr'><strong>quod</strong></span> <span class='ocrx_word' id='word_1_202' title='bbox 914 3805 1065 3878; x_wconf 63' lang='lat' dir='ltr'><strong>quaerunt</strong></span> <span class='ocrx_word' id='word_1_203' title='bbox 1091 3793 1229 3859; x_wconf 86' lang='lat' dir='ltr'><strong>bominis</strong></span> <span class='ocrx_word' id='word_1_204' title='bbox 1253 3796 1347 3861; x_wconf 90' lang='lat' dir='ltr'><strong>liber-</strong></span> 
     </span>
     <span class='ocr_line' id='line_1_30' title="bbox 394 3892 1350 3984; baseline 0 -23"><span class='ocrx_word' id='word_1_205' title='bbox 394 3910 506 3973; x_wconf 89' lang='lat' dir='ltr'><strong>tatem,</strong></span> <span class='ocrx_word' id='word_1_206' title='bbox 531 3910 566 3961; x_wconf 91' lang='lat' dir='ltr'><strong>ut</strong></span> <span class='ocrx_word' id='word_1_207' title='bbox 589 3895 675 3959; x_wconf 86' lang='lat' dir='ltr'><strong>curia</strong></span> <span class='ocrx_word' id='word_1_208' title='bbox 696 3893 777 3957; x_wconf 88' lang='lat' dir='ltr'><strong>liber</strong></span> <span class='ocrx_word' id='word_1_209' title='bbox 798 3892 963 3979; x_wconf 84' lang='lat' dir='ltr'><strong>sapientioe</strong></span> <span class='ocrx_word' id='word_1_210' title='bbox 986 3908 1089 3971; x_wconf 86' lang='lat' dir='ltr'><strong>vacet,</strong></span> <span class='ocrx_word' id='word_1_211' title='bbox 1111 3909 1142 3960; x_wconf 89' lang='lat' dir='ltr'><strong>et</strong></span> <span class='ocrx_word' id='word_1_212' title='bbox 1176 3898 1350 3984; x_wconf 77' lang='lat' dir='ltr'><strong>saepissima</strong></span> 
     </span>
     <span class='ocr_line' id='line_1_31' title="bbox 395 3992 1349 4081; baseline 0.001 -22"><span class='ocrx_word' id='word_1_213' title='bbox 395 3996 487 4060; x_wconf 85' lang='lat' dir='ltr'><strong>abiis</strong></span> <span class='ocrx_word' id='word_1_214' title='bbox 499 3994 633 4059; x_wconf 89' lang='lat' dir='ltr'><strong>liberent</strong></span> <span class='ocrx_word' id='word_1_215' title='bbox 649 3992 746 4073; x_wconf 90' lang='lat' dir='ltr'><strong>curis,</strong></span> <span class='ocrx_word' id='word_1_216' title='bbox 758 4016 893 4079; x_wconf 89' lang='lat' dir='ltr'><strong>quarum</strong></span> <span class='ocrx_word' id='word_1_217' title='bbox 906 3995 1099 4080; x_wconf 88' lang='lat' dir='ltr'><strong>principium</strong></span> <span class='ocrx_word' id='word_1_218' title='bbox 1116 3996 1271 4081; x_wconf 88' lang='lat' dir='ltr'><strong>sapientia</strong></span> <span class='ocrx_word' id='word_1_219' title='bbox 1286 4019 1349 4060; x_wconf 91' lang='lat' dir='ltr'><strong>non</strong></span> 
     </span>
     <span class='ocr_line' id='line_1_32' title="bbox 395 4094 1348 4181; baseline -0.001 -22"><span class='ocrx_word' id='word_1_220' title='bbox 395 4094 550 4159; x_wconf 86' lang='lat' dir='ltr'><strong>admittit.</strong></span> <span class='ocrx_word' id='word_1_221' title='bbox 597 4095 797 4159; x_wconf 81' lang='lat' dir='ltr'><strong>Necessariae</strong></span> <span class='ocrx_word' id='word_1_222' title='bbox 826 4118 955 4181; x_wconf 89' lang='lat' dir='ltr'><strong>quoqne</strong></span> <span class='ocrx_word' id='word_1_223' title='bbox 979 4118 1063 4181; x_wconf 83' lang='lat' dir='ltr'><strong>saepe</strong></span> <span class='ocrx_word' id='word_1_224' title='bbox 1093 4096 1281 4176; x_wconf 89' lang='lat' dir='ltr'><strong>excludunt,</strong></span> <span class='ocrx_word' id='word_1_225' title='bbox 1312 4111 1348 4158; x_wconf 89' lang='lat' dir='ltr'><strong>ut</strong></span> 
     </span>
     <span class='ocr_line' id='line_1_33' title="bbox 395 4195 1336 4283; baseline -0.005 -23"><span class='ocrx_word' id='word_1_226' title='bbox 395 4196 563 4282; x_wconf 85' lang='lat' dir='ltr'><strong>agitationi</strong></span> <span class='ocrx_word' id='word_1_227' title='bbox 579 4196 694 4259; x_wconf 90' lang='lat' dir='ltr'><strong>mentis</strong></span> <span class='ocrx_word' id='word_1_228' title='bbox 709 4195 748 4259; x_wconf 90' lang='lat' dir='ltr'><strong>ad</strong></span> <span class='ocrx_word' id='word_1_229' title='bbox 765 4195 1000 4283; x_wconf 86' lang='lat' dir='ltr'><strong>philosophiam</strong></span> <span class='ocrx_word' id='word_1_230' title='bbox 1017 4197 1058 4261; x_wconf 85' lang='lat' dir='ltr'><strong>sit</strong></span> <span class='ocrx_word' id='word_1_231' title='bbox 1073 4196 1259 4278; x_wconf 83' lang='lat' dir='ltr'><strong>expeditior</strong></span> <span class='ocrx_word' id='word_1_232' title='bbox 1274 4197 1336 4257; x_wconf 88' lang='lat' dir='ltr'><strong>via.</strong></span> 
     </span>
    </p>
   </div>
   <div class='ocr_carea' id='block_1_6' title="bbox 0 0 1845 5317">
    <p class='ocr_par' dir='ltr' id='par_1_6' title="bbox 0 0 1845 5317">
     <span class='ocr_line' id='line_1_34' title="bbox 0 0 1845 5317; baseline 0 0"><span class='ocrx_word' id='word_1_233' title='bbox 0 0 1845 5317; x_wconf 95' lang='lat' dir='ltr'><strong> </strong></span> 
     </span>
    </p>
   </div>
  </div>
 </body>
</html>
