3625 5317
686 795 763 843 vrrs
779 793 894 843 slucrr
910 798 1070 844 assetur.
1292 788 1355 847 817

400 948 440 1011 ad
451 949 572 1032 majora
583 961 715 1012 vocatus
725 949 828 1029 luerit,
841 949 958 1013 dicinae
968 950 1169 1035 dispositioni
1179 973 1244 1018 non
1253 957 1355 1018 reloc-

402 1058 494 1112 tetur.
522 1051 608 1113 Nam
624 1071 658 1112 se
674 1052 792 1114 multos
808 1051 927 1115 vidisse
941 1064 974 1115 et
988 1053 1053 1115 iere
1069 1073 1196 1136 semper
1210 1057 1355 1132 asseruit,

400 1151 454 1232 qui
470 1172 569 1234 quum
584 1152 774 1234 pastoralem
787 1173 893 1215 curem
907 1174 974 1215 suae
990 1153 1106 1237 quietis
1121 1175 1219 1218 causa
1234 1157 1355 1238 resuge-

399 1265 479 1332 rent,
491 1275 548 1337 per
559 1253 715 1318 desidiam
726 1257 926 1319 ambulantes
937 1255 1074 1320 domolo
1086 1260 1253 1342 semperin
1263 1259 1356 1345 pejus

399 1353 595 1418 defecerunt.
632 1356 742 1418 Paruit
766 1357 939 1419 Anselmus
965 1357 1063 1420 tristis
1088 1372 1121 1422 et
1142 1380 1292 1441 gemens3
1325 1373 1357 1425 et

400 1457 472 1519 Deo
495 1479 529 1520 sc
552 1467 652 1520 totum
679 1459 890 1535 committens,
915 1458 1044 1522 utilitati
1069 1461 1199 1524 fratmm
1225 1464 1356 1526 omnino

399 1558 521 1621 studuit
535 1559 696 1622 inservire.
730 1560 823 1622 Licet
842 1570 949 1622 sutem
970 1561 1120 1624 omnibus
1139 1563 1284 1644 obsequi,
1298 1585 1355 1628 ne·

401 1660 519 1723 minem
547 1655 692 1740 [ledere]
723 1661 874 1742 gestiens,
900 1661 995 1725 etiam
1022 1683 1095 1725 cum
1121 1663 1173 1726 his
1199 1663 1255 1745 qui
1281 1687 1354 1728 eum

400 1761 534 1825 oderant
555 1773 640 1825 esset
661 1763 837 1845 pacificus3
868 1762 1021 1826 invidiam
1044 1775 1164 1840 tamen,
1187 1786 1283 1848 quem
1300 1779 1356 1829 aut

401 1863 500 1927 virtus
511 1874 567 1926 aut
581 1864 716 1927 felicitas
731 1864 912 1927 authorum
929 1865 1041 1948 opinio
1056 1884 1183 1947 semper
1194 1850 1354 1958 accendit,

399 1985 462 2026 non
486 1967 590 2047 potuit
615 1964 784 2028 declinare.
830 1967 915 2028 Nam
939 1965 994 2048 qui
1020 1987 1092 2028 eum
1115 1980 1354 2048 praecesserant,

399 2066 560 2129 novicium
576 2067 638 2130 sibi
654 2067 791 2151 preferri
806 2068 1055 2129 murmurabant.
1101 2069 1245 2140 Quorum
1261 2090 1354 2142 unus

400 2167 454 2251 qui
469 2168 558 2230 nullo
580 2178 703 2250 poterat
720 2167 876 2250 obsequio
896 2167 1046 2249 mitigari,
1061 2167 1103 2231 ed
1123 2182 1266 2232 extrema
1283 2191 1355 2252 per·

400 2267 515 2332 ductus
537 2279 595 2332 est.
651 2269 701 2331 lbi
723 2289 832 2350 agene,
855 2270 973 2353 pellere
1000 2280 1033 2331 et
1059 2281 1190 2332 tremere
1216 2279 1250 2332 et
1275 2269 1354 2332 miro

399 2369 495 2432 modo
510 2369 701 2432 delitescens
717 2370 838 2433 vultum
854 2371 956 2454 coepit
968 2371 1003 2432 in
1019 2370 1143 2436 diversa
1157 2382 1289 2435 mutare.
1324 2374 1353 2434 Α

399 2471 546 2534 fratribus
558 2491 686 2535 causam
703 2471 923 2555 interrogatus,
936 2472 980 2536 eit
994 2471 1075 2536 duos
1089 2474 1247 2536 immanes
1260 2475 1355 2557 lupos

400 2574 505 2655 ipsum
525 2573 594 2658 jam
617 2574 809 2656 compressis
835 2573 985 2637 dentibus
1003 2575 1162 2658 jugulare.
1208 2575 1356 2638 Refertur

398 2674 460 2737 boc
477 2674 518 2738 ad
533 2675 688 2758 priorem;
710 2675 766 2756 qui
780 2675 946 2754 paululum
964 2672 1123 2736 divertens
1137 2675 1169 2736 in
1184 2675 1355 2737 oratorium

400 2785 598 2848 consuetum,
619 2769 714 2833 rediit
740 2769 774 2830 in
802 2768 932 2831 domum
958 2769 1169 2849 infirmorum,
1190 2781 1224 2834 et
1248 2783 1356 2834 erecte

400 2895 495 2936 menn
508 2873 634 2952 signum
650 2875 768 2930 sancte
781 2868 885 2930 crucis
897 2867 1012 2946 edidit,
1023 2867 1147 2931 dicens:
1171 2867 1216 2930 In
1228 2871 1356 2933 nomine

399 2975 513 3038 Patris
526 2977 558 3034 ct
573 2969 654 3032 Filii
667 2976 699 3032 et
713 2967 861 3050 Spiritus
875 2967 1002 3034 Sancti.
1032 2970 1106 3041 Quo
1121 2969 1217 3048 facto,
1232 2970 1356 3053 quievit

398 3094 483 3157 aeger
508 3073 631 3150 dicens,
653 3070 741 3154 quod
764 3069 805 3134 ad
829 3072 993 3134 introitum
1015 3071 1161 3134 Anselmi
1186 3083 1219 3134 et
1241 3093 1354 3136 manus

400 3175 592 3238 erectionem
616 3176 760 3237 lanceam
788 3171 902 3236 viderit
928 3173 1056 3253 igneam
1080 3193 1124 3234 cx
1149 3191 1203 3235 ore
1228 3170 1298 3255 ejus
1320 3172 1354 3236 iu

399 3277 494 3358 lupos
503 3273 659 3358 jaculari3
685 3293 758 3356 quac
776 3271 900 3335 territos
918 3271 1015 3335 celeri
1035 3271 1112 3354 suga
1127 3272 1221 3354 lupos
1236 3271 1354 3352 abegit.

400 3377 547 3440 Accessit
568 3375 609 3438 ed
630 3393 750 3455 regrum
773 3372 916 3436 minister
934 3373 1020 3436 illius
1042 3371 1191 3456 Spiritus,
1206 3373 1261 3455 qui
1279 3393 1355 3457 apo·

399 3476 489 3538 stolis
503 3474 596 3538 datus
612 3484 660 3536 est
674 3473 706 3533 in
723 3471 839 3553 linguis
855 3471 979 3552 igneis3
1006 3484 1040 3534 et
1053 3473 1180 3534 fratrem
1195 3471 1237 3535 ed
1252 3475 1354 3553 preni-

398 3578 531 3640 tentiam
560 3587 594 3640 et
623 3573 856 3639 consessionem
886 3571 1055 3636 inductum
1084 3571 1240 3647 absolvit;
1273 3593 1354 3654 prae·

400 3677 511 3742 dicens
534 3676 669 3761 quadam
686 3673 901 3758 prophetandi
922 3673 1033 3735 virtute
1047 3671 1144 3735 etiam
1165 3670 1277 3734 horam
1292 3694 1356 3756 qua

399 3791 466 3841 eret
481 3781 678 3842 transiturus.

444 3881 520 3940 Una
531 3899 605 3939 vero
617 3879 771 3953 noctium,
781 3897 880 3960 quum
893 3873 1041 3939 Riculfus
1052 3875 1185 3958 quidam
1194 3877 1355 3940 secretarii

400 3981 537 4057 fungens
560 3977 667 4038 officio
688 3991 760 4038 ante
783 3978 901 4039 ostium
924 3973 1056 4055 capituli
1070 3976 1171 4039 iturus
1185 3976 1218 4038 in
1237 3976 1355 4038 dormi·

401 4079 517 4141 lorium
539 4077 760 4160 pertransiret3
786 4074 1011 4158 introspiciens
1033 4087 1175 4138 orantem
1197 4074 1277 4138 ridit
1294 4076 1354 4138 sra-

400 4191 479 4242 tcem
494 4177 590 4260 globo
606 4177 700 4257 igneo
716 4176 989 4240 circumcinctum.
1026 4175 1190 4238 Attonitus
1204 4175 1251 4236 rei
1264 4176 1355 4238 noci-

400 4294 464 4344 tate
481 4279 637 4355 discedit;
664 4277 722 4340 sed
738 4278 925 4340 Auselmum
949 4276 1084 4340 inlecto
1103 4275 1273 4358 quesitum
1288 4297 1355 4340 non

398 4382 525 4464 reperit.
560 4379 705 4443 Rediens
728 4399 853 4442 servum
879 4377 942 4440 Dei
964 4387 1105 4440 orantem
1129 4377 1267 4454 invenit3
1297 4377 1354 4441 sed
