3625 5317
478 798 537 859 196
732 798 869 847 mantus
885 784 1168 841 saansanmensrs
1286 761 1383 841 [amr.
1397 771 1426 817 v.

478 964 520 1028 ab
534 958 667 1024 effectu:
691 948 863 1037 ideoquod
875 948 1062 1033 ipsam,non
1074 937 1134 1003 nisi
1145 953 1263 1010 cassos,
1274 941 1307 994 et
1319 943 1430 997 vanus,

479 1058 633 1149 percipiat
644 1053 834 1119 intellectus.
870 1048 924 1112 Sic
934 1058 968 1110 et
982 1044 1015 1107 in
1029 1036 1182 1127 physicis,
1193 1052 1271 1099 sana
1280 1028 1432 1092 dicuntur

480 1184 548 1229 esse
559 1158 609 1223 vel
621 1178 718 1242 aegra,
727 1174 811 1216 nunc
823 1150 994 1223 animalia,
1005 1164 1091 1207 nunc
1101 1143 1209 1221 signo,
1220 1152 1306 1198 nuuc
1316 1145 1432 1191 causae.

481 1264 531 1328 Ut
559 1271 666 1323 autem
696 1277 716 1318 a
745 1248 887 1318 Platonis
915 1240 1085 1310 eminentia
1113 1259 1187 1302 cum
1216 1222 1434 1315 Peripateticis

481 1359 648 1451 paululum
674 1351 914 1428 descendamus,
938 1368 976 1411 ea
1000 1364 1074 1407 vera
1099 1340 1252 1404 dicuntur
1275 1351 1355 1405 esse,
1381 1322 1433 1387 rel

481 1466 571 1539 falsa,
595 1481 681 1545 quae,
703 1468 741 1520 ut
770 1452 810 1517 de
839 1446 1071 1537 significatione
1100 1438 1338 1526 complexorum
1368 1448 1433 1491 aer-

481 1586 612 1632 monnm
641 1570 773 1644 apator,
804 1565 891 1618 certo
920 1547 1144 1636 percipiuntur
1172 1537 1349 1608 intellectu,
1376 1536 1433 1591 aut

485 1690 584 1733 vano:
608 1664 642 1728 hi
664 1658 835 1747 siquidem,
851 1652 938 1717 velut
961 1650 1019 1736 qni
1039 1642 1304 1735 philosophantur
1321 1637 1435 1699 huma·

484 1772 568 1844 nius,
582 1779 615 1830 et
636 1784 708 1828 cum
732 1753 914 1833 Platonicis,
932 1774 994 1816 non
1014 1747 1175 1813 excedunt
1196 1750 1301 1806 mente
1321 1732 1383 1798 sibi
1402 1739 1435 1792 et

486 1874 568 1943 Deo,
584 1865 639 1931 sed
660 1861 756 1929 sobrii
780 1870 867 1935 sunt,
882 1850 1066 1920 hominibus
1084 1850 1118 1913 in
1137 1866 1176 1909 eo
1197 1841 1363 1905 veritatem
1378 1842 1436 1896 aut

484 1970 654 2035 falsitatem
665 1973 822 2041 statuunt,
831 1960 862 2023 in
873 1980 939 2043 quo
950 1954 1032 2020 sicut
1041 1948 1217 2038 percipitur
1228 1932 1436 2007 examinando

486 2085 518 2137 et
533 2064 830 2154 comprehendendo
841 2059 944 2124 fidelis
953 2069 1002 2121 est
1012 2068 1069 2119 ant
1084 2070 1236 2116 erroneus
1246 2039 1437 2109 intellectus·

489 2173 523 2239 Si
539 2170 621 2234 enim
644 2190 709 2231 rem
726 2166 770 2229 sic
792 2186 858 2227 esse
875 2172 912 2225 ut
929 2172 989 2235 est,
1005 2169 1062 2220 aut
1076 2175 1140 2216 non
1160 2170 1227 2214 esse
1240 2157 1278 2210 ut
1298 2161 1362 2205 non
1377 2148 1435 2211 est,

487 2266 737 2357 comprehendit,
756 2262 881 2352 judicio
906 2269 993 2323 certo
1018 2269 1050 2320 et
1075 2252 1164 2318 fideli
1189 2268 1266 2314 neus
1291 2254 1358 2306 est:
1389 2237 1437 2301 sin

489 2386 595 2438 autem
616 2368 665 2433 vel
685 2390 748 2431 non
764 2388 830 2429 esse
854 2362 941 2449 quod
964 2373 1024 2437 est,
1039 2357 1089 2421 vel
1109 2348 1281 2438 essequod
1299 2364 1364 2409 non
1377 2350 1436 2414 est,

489 2474 649 2560 opinatur,
661 2464 873 2553 proculdubio
884 2462 1018 2537 fallitur,
1030 2472 1062 2523 et
1073 2467 1168 2521 errat.
1202 2451 1294 2515 ldem
1309 2461 1438 2531 quoque

490 2575 586 2641 estin
606 2568 813 2636 sermonibus,
863 2564 926 2627 Res
946 2576 1066 2637 autem,
1081 2581 1156 2646 quae
1179 2552 1326 2640 seipsam,
1342 2552 1439 2632 prout

489 2690 547 2752 est,
562 2670 739 2741 intellectui
758 2668 897 2755 subjicit,
914 2688 988 2729 vera
1002 2676 1070 2737 est;
1097 2682 1172 2747 qum
1191 2655 1293 2730 aliter,
1309 2669 1391 2713 vana
1409 2655 1441 2707 et

491 2781 582 2847 falsa.
626 2780 716 2861 Ergo
735 2797 755 2838 a
770 2771 865 2837 modo
886 2764 1085 2855 percipiendi
1108 2760 1237 2843 (scilicet
1253 2778 1319 2842 quo
1340 2746 1440 2837 perci-

492 2884 637 2971 piuntur,
651 2891 708 2943 aut
730 2874 933 2963 percipiunt‚)
956 2866 1153 2933 convincitur
1176 2860 1292 2926 veritas
1305 2866 1362 2920 aut
1383 2849 1442 2914 fal·

492 2986 568 3051 sitas
583 2999 646 3047 tam
663 2977 860 3066 opinionum,
876 2992 974 3060 quam
994 2988 1120 3032 rerum:
1149 2964 1336 3027 Sermonum
1352 2972 1439 3025 vero,

493 3082 621 3148 amodo
636 3075 844 3165 significandi.
889 3070 985 3138 Unde
1001 3067 1079 3155 quia
1093 3068 1198 3131 Deum
1214 3059 1283 3124 falti
1296 3050 1440 3139 impossi-

494 3185 556 3248 bile
571 3194 628 3256 est,
642 3176 852 3265 proculdubio
865 3185 1001 3250 constat,
1012 3170 1163 3256 quonism
1178 3186 1244 3250 quo
1255 3157 1379 3223 fidelior
1393 3162 1441 3217 est

494 3280 633 3354 scientia,
649 3292 681 3342 et
696 3277 822 3351 certior,
838 3298 875 3338 eo
890 3275 995 3339 minus
1009 3271 1088 3337 salsa
1102 3260 1353 3352 comprehendit.
1390 3243 1441 3318 Ea

495 3396 599 3449 tamen
611 3379 693 3443 falsa
708 3400 773 3441 esse
784 3376 955 3461 cognoscit,
967 3373 1056 3460 quod
1073 3391 1181 3435 verum
1197 3378 1255 3441 est,
1267 3375 1300 3429 et
1315 3353 1442 3424 veritati

494 3480 600 3549 omnia
628 3477 866 3564 contemplanti,
890 3496 953 3539 non
983 3486 1088 3561 potest
1116 3494 1183 3535 esse
1211 3461 1442 3531 absconditum.

495 3590 578 3653 Nam
602 3605 698 3671 penes
719 3579 885 3645 essentiam
911 3575 983 3656 Dei,
1005 3573 1167 3661 primitiva
1189 3570 1318 3644 veritas,
1338 3563 1373 3626 id
1395 3570 1444 3625 est

494 3685 666 3763 certitudo,
689 3698 745 3749 ant
766 3681 931 3755 stabilitus,
954 3690 1011 3742 aut
1035 3676 1159 3740 claritas
1179 3686 1240 3749 est,
1261 3683 1296 3734 et
1317 3667 1360 3732 ab
1385 3664 1443 3728 buc

493 3789 660 3854 derivatur
681 3783 929 3872 quodammodo,
952 3775 1105 3867 quicquid
1128 3777 1160 3840 in
1185 3774 1282 3839 rebus
1309 3767 1445 3834 fideliter

495 3890 610 3956 dicitur
625 3910 735 3954 verum
758 3909 834 3951 esse.
881 3882 1046 3969 Siquidem
1069 3880 1116 3945 illi
1136 3878 1194 3944 soli
1215 3873 1358 3941 omnium
1378 3888 1443 3935 tam

497 4014 615 4067 rerum,
625 4012 720 4078 quum
733 4008 925 4064 sermonum,
934 3982 1134 4061 coherentia,
1145 3980 1194 4045 vel
1204 3976 1446 4043 discohaerentia

495 4108 629 4171 constat,
656 4106 688 4157 et
717 4105 804 4159 certa,
824 4102 883 4155 est.
929 4092 1037 4154 Homo
1063 4107 1140 4150 vero
1164 4095 1446 4170 quantuscunque,

497 4205 623 4269 allectat
649 4194 778 4283 quidem
802 4190 980 4256 certiorari:
1014 4212 1052 4253 eo
1074 4186 1162 4273 quod
1188 4207 1278 4251 amor
1303 4178 1446 4245 veritatis

495 4315 650 4390 cognatus
670 4314 701 4364 et
721 4300 849 4362 innatus
868 4307 917 4359 est
932 4291 1057 4365 rationi,
1073 4304 1116 4369 et,
1131 4301 1169 4354 ut
1190 4288 1236 4353 ait
1251 4284 1444 4357 Martianus,

495 4430 567 4471 cum
585 4398 758 4491 philologia
772 4396 857 4463 illam
878 4394 1080 4471 existentem,
1094 4402 1126 4455 et
1141 4412 1180 4455 ex
1202 4410 1264 4453 non
1280 4384 1445 4452 existenti·
