3625 5317
396 794 469 841 car.
487 782 557 857 rra]
760 794 1002 841 unrammcus.
1308 780 1347 839 17

392 960 606 1013 novasseotas.
642 946 776 1013 Flebant
786 964 863 1033 ergo
874 946 990 1012 summi
1002 957 1131 1032 repente
1143 942 1345 1032 Philosophi:

393 1068 464 1111 uam
480 1048 536 1134 qui
557 1048 724 1115 illiteratus
743 1060 928 1126 accesserat,
943 1047 1008 1113 fere
1030 1068 1092 1111 non
1115 1047 1300 1112 morabatur
1315 1047 1346 1112 iu

392 1148 507 1215 scholis
536 1150 681 1227 ulterius,
708 1173 805 1237 quam
835 1174 873 1214 eo
900 1148 1061 1215 curriculo
1091 1148 1254 1235 temporis,
1280 1170 1348 1234 quo

391 1253 497 1316 avium
515 1252 596 1338 pulli
617 1252 829 1339 plumescunt.
876 1255 994 1339 ltaque
1008 1264 1149 1317 recentes
1170 1252 1313 1338 magistri
1329 1276 1348 1317 e

392 1352 517 1433 scholis,
531 1368 564 1419 et
582 1355 662 1441 pulli
684 1356 849 1420 volucrum
870 1380 888 1419 e
904 1356 998 1430 nidis,
1014 1354 1096 1419 sicot
1114 1354 1184 1440 pari
1205 1368 1348 1439 tempore

391 1454 607 1531 morabantur,
631 1457 675 1521 sic
695 1457 815 1544 pariter
836 1461 1016 1523 avolabant.
1068 1456 1130 1522 Sed
1153 1456 1231 1543 quid
1255 1456 1349 1523 doce-

392 1553 470 1619 bant
495 1558 570 1619 novi
596 1557 751 1637 doctores,
773 1573 806 1624 et
831 1560 888 1645 qui
916 1559 991 1645 plus
1015 1558 1224 1634 sornrriorum,
1250 1577 1347 1642 qnam

392 1654 586 1739 vigiliarum,
598 1660 631 1722 in
644 1658 796 1723 scrutinio
809 1660 1024 1742 Philosophiae
1035 1670 1306 1742 consumpserant,
1317 1670 1350 1722 et

392 1756 519 1820 facilius
530 1758 680 1835 instituti,
692 1780 787 1844 quam
805 1759 851 1823 illi
862 1762 961 1846 juxta
972 1760 1166 1823 narrationes
1177 1758 1350 1835 fabulosus,

393 1858 451 1943 qui
472 1863 664 1925 somniantes
679 1860 711 1925 in
733 1864 899 1939 Parnasso,
915 1873 1045 1947 repente
1067 1876 1156 1925 vates
1171 1860 1351 1947 progredie-

394 1959 532 2025 bantur:
563 1974 619 2025 aut
641 1962 737 2027 citius
762 1984 859 2048 qnam
882 1961 917 2039 ii,
936 1961 995 2048 qui
1017 1962 1060 2025 de
1082 1961 1224 2026 Castalio
1245 1962 1350 2027 Fonte

395 2061 576 2140 Musarum,
589 2083 703 2129 munus
718 2064 906 2131 hauriebant
919 2066 1092 2149 poeticum:
1112 2078 1167 2129 aut
1179 2086 1277 2151 quam
1293 2063 1350 2142 illi,

392 2164 449 2250 qui
465 2165 534 2229 viso
547 2166 682 2245 Phoebo,
697 2169 878 2241 Musarum,
891 2165 1009 2231 nedum
1026 2167 1231 2245 musicorum,
1245 2188 1349 2231 mero-

391 2281 485 2331 erunt
507 2268 621 2332 ascribi
641 2268 821 2333 consortio?
854 2267 1022 2355 Numquid
1046 2268 1128 2331 rude
1144 2266 1279 2354 aliquid,
1292 2281 1349 2331 aut

392 2368 562 2447 incultum,
580 2370 737 2458 numquid
752 2368 875 2455 aliquid
896 2382 1059 2434 vetustum
1075 2384 1132 2434 aut
1146 2367 1349 2434 obsoletum?

394 2470 478 2533 Ecce
500 2492 582 2535 nova
600 2470 719 2536 fiebant
738 2474 862 2537 omnia:
890 2470 1104 2537 innovabatur
1119 2468 1348 2545 Grammatica,

392 2573 625 2638 immutabatur
655 2573 840 2643 Dialectica.
866 2573 1129 2638 contemnebatur
1156 2572 1347 2638 Rhetorica:

393 2687 426 2738 et
458 2697 555 2741 novas
588 2676 688 2741 totius
717 2674 877 2761 quadrivii
908 2676 986 2755 vias,
1015 2674 1176 2740 evacuatis
1205 2675 1348 2761 priorum

394 2777 525 2860 regulis,
561 2778 601 2843 de
636 2778 712 2864 ipsis
744 2778 958 2863 Philosophiae
994 2777 1101 2862 adytis
1134 2777 1348 2863 proferebant.

394 2878 500 2945 Solam
539 2884 792 2945 maceniemium
829 2880 896 2942 sive
936 2882 1092 2943 rationem
1127 2876 1352 2962 loquebantur,

393 2994 617 3064 argumentum
634 2978 766 3043 sonabat
782 2978 813 3040 iu
828 2999 883 3041 ore
897 2979 1053 3054 omnium,
1065 2989 1098 3040 et
1111 2976 1236 3041 asinum
1250 2978 1351 3041 nomi·

393 3099 480 3151 nare,
495 3079 546 3143 vel
561 3077 731 3153 hominem,
747 3090 804 3141 aut
820 3075 943 3162 aliquid
957 3097 1090 3162 operum
1106 3088 1241 3158 naturae,
1250 3077 1352 3142 instar

394 3178 534 3242 criminis
562 3194 642 3256 erat,
672 3192 729 3243 aut
757 3178 899 3265 ineptum
929 3177 1034 3253 nimis,
1064 3187 1122 3243 aut
1149 3178 1240 3261 rude,
1269 3192 1302 3246 et
1331 3204 1351 3245 a

394 3280 591 3369 Philosopho
612 3280 762 3355 alienum,
783 3280 976 3369 impossibile
993 3283 1185 3350 ‘credebatur
1203 3287 1351 3349 maceni-

393 3394 494 3464 enter,
515 3398 548 3449 et
573 3382 614 3447 ad
637 3384 768 3447 rationis
793 3400 935 3449 normam
959 3384 1132 3471 quicquam
1158 3384 1273 3466 dicere,
1294 3400 1351 3452 aut

393 3485 505 3561 iacere,
520 3486 579 3551 nisi
594 3488 812 3551 convenientis
831 3499 862 3551 et
877 3489 1015 3551 rationis
1031 3486 1162 3563 mentio,
1176 3487 1350 3573 expressim

394 3598 476 3652 esset
506 3586 632 3652 inserta.
677 3584 741 3653 Sed
770 3607 829 3649 nec
857 3599 1083 3672 argumentum
1113 3590 1183 3653 fieri
1213 3587 1350 3666 licitum,

394 3685 454 3752 uisi
469 3692 632 3775 praemisso
647 3688 772 3753 nomine
787 3689 978 3773 argumenti.
1014 3691 1071 3754 Ex
1085 3699 1164 3768 arte,
1178 3702 1210 3754 et
1226 3688 1267 3755 de
1282 3702 1350 3755 arte

393 3812 499 3874 agere,
522 3789 607 3855 idem
636 3804 715 3853 crat.
762 3790 934 3855 Docebunt
958 3788 992 3854 hi
1021 3789 1115 3864 forte,
1141 3789 1229 3875 quod
1256 3804 1351 3876 poeta

394 3890 535 3955 versifice
557 3888 638 3955 nihil
661 3888 759 3968 dicet,
783 3889 845 3953 uisi
870 3890 1072 3975 cognominet
1097 3912 1235 3966 versum,
1260 3892 1350 3980 quod

394 3990 485 4054 faber
496 3992 650 4077 lignarius
661 4013 822 4056 scamnum
837 3992 942 4056 facere
952 4004 1100 4078 nequeat,
1113 3993 1172 4058 uisi
1187 4016 1349 4059 scamnum

394 4102 452 4153 aut
467 4089 588 4173 lignum
608 4092 716 4159 volvat
730 4091 763 4157 in
778 4113 840 4157 ore.
888 4093 969 4157 lude
984 4113 1060 4176 ergo
1074 4092 1142 4157 haec
1162 4106 1289 4179 sartago
1304 4095 1351 4160 lo·

394 4186 528 4275 quendi,
547 4188 579 4253 in
602 4212 669 4276 qua
690 4212 784 4255 senex
805 4188 945 4255 insulsus
965 4190 1101 4271 exultat,
1115 4192 1272 4256 insultans
1293 4193 1350 4268 eis,

394 4290 453 4377 qui
476 4289 593 4355 artium
615 4304 804 4356 venerantur
826 4303 983 4374 auctores,
996 4316 1034 4356 eo
1053 4291 1140 4377 quod
1163 4290 1243 4355 nihil
1264 4291 1351 4355 utili-

397 4392 472 4457 tatis
483 4392 514 4455 in
528 4392 572 4457 cis
584 4394 712 4480 reperit,
724 4415 825 4482 quum
842 4417 874 4458 se
885 4394 932 4457 eis
945 4394 1022 4459 dare
1036 4415 1165 4479 opernm
1177 4391 1351 4462 simularet.

439 4514 512 4559 von.
528 4514 557 4561 v.
862 4514 880 4555 c
