3625 5317
737 782 963 832 ml'rnmtcus.

455 938 501 1002 Et
515 935 629 1000 merito
643 935 722 1001 fidei
736 937 927 1000 conciliatur
939 957 1037 1002 amor.

368 1039 453 1102 Nam
468 1038 551 1102 solet
565 1036 726 1102 interdum
742 1037 789 1101 sis
803 1047 995 1124 extorquere
1010 1037 1166 1112 timorem,

458 1137 578 1203 Sternit
592 1147 625 1203 et
639 1139 757 1204 invitos
770 1149 867 1223 atque
883 1137 1017 1204 subesse
1031 1139 1120 1216 facit,

370 1239 495 1304 Surrist
509 1247 545 1303 ut
558 1240 672 1302 nolens
687 1239 757 1304 sliis
773 1240 901 1323 captivs
915 1240 1075 1316 voluntas,

455 1339 580 1404 Territa
596 1339 779 1403 verberibus
794 1349 826 1402 et
840 1340 1003 1403 stimulata
1016 1340 1128 1418 minis3
1239 1342 1321 1403 1700

372 1439 435 1505 Sed
451 1437 612 1524 perfectus
626 1459 715 1502 sinor
728 1441 842 1522 procul
855 1439 943 1503 hunc
957 1440 1036 1504 fucit
1048 1461 1120 1504 esse
1134 1441 1291 1520 timorem,

455 1541 542 1605 Nam
557 1540 634 1605 fucit
647 1541 823 1623 ingenuum
838 1561 998 1625 quemque
1012 1541 1153 1626 pudicus
1166 1563 1264 1607 umor.

551 1642 645 1711 Quod
658 1641 793 1706 libertas
801 1643 1031 1724 philosophum
1045 1645 1145 1708 decet.

371 1745 489 1808 Liburs
502 1744 686 1830 philosophi
701 1744 768 1808 vitu
782 1755 831 1808 est
845 1755 878 1808 et
891 1745 993 1810 libers
1006 1746 1127 1829 lingua,

456 1844 519 1910 Est
533 1846 690 1910 libertatis
705 1857 817 1911 auctor
829 1847 955 1931 utrique
969 1849 1071 1912 Deus.

370 1947 459 2030 Ergo
473 1946 685 2031 philosophus
700 1947 779 2012 colit
792 1948 863 2026 hos,
879 1969 962 2032 quos
975 1948 1221 2029 creditamicos,
1239 1953 1321 2015 1765

454 2049 522 2113 Aut
537 2069 618 2133 quos
632 2069 652 2112 s
666 2049 751 2114 vitiis
764 2070 860 2134 posse
875 2050 979 2114 redire
993 2061 1094 2135 putst

372 2151 448 2216 Non
463 2150 621 2227 homiues,
632 2151 797 2215 hominum
809 2159 885 2216 sunt
893 2152 1025 2233 umbras,
1036 2174 1119 2237 quos
1128 2154 1228 2219 habet
1236 2155 1322 2218 orbis

456 2253 653 2316 Brutescens
668 2252 764 2330 vitiis,
779 2274 877 2336 quum
891 2253 1013 2318 ratione
1027 2268 1125 2321 sareu

372 2352 458 2428 Quid
474 2352 532 2417 tibi
547 2374 621 2416 cum
635 2355 731 2418 larris
746 2354 937 2439 sapientiam
950 2355 1068 2438 dogma
1082 2358 1246 2442 sequenti?

457 2455 590 2531 Dicent,
604 2457 639 2520 ni
653 2455 767 2538 fugias,
782 2457 872 2521 ocius
885 2457 933 2521 ito
946 2457 1042 2523 sorus.
1239 2464 1323 2530 1770

574 2556 669 2623 Quod
681 2560 769 2623 locus
782 2561 866 2622 vitia
881 2580 947 2623 nort
960 2561 1119 2625 excludit.

370 2654 473 2719 Plena
487 2657 658 2740 supercilio
671 2658 699 2720 si
714 2659 807 2722 turbs
820 2659 958 2741 repellit,
972 2661 1062 2724 abitu

455 2757 502 2819 Et
516 2767 751 2840 contemptores
765 2777 917 2840 spernere
931 2758 1020 2823 disce
1035 2770 1116 2826 tuos.

370 2857 441 2922 Nec
456 2857 517 2920 tibi
532 2857 573 2919 sit
587 2876 683 2935 curae,
697 2857 724 2920 si
739 2856 956 2920 contemnaris
969 2857 1011 2920 ab
1024 2857 1100 2936 illis,

455 2957 546 3030 Quos
561 2967 672 3039 captos
686 2954 799 3022 mundi
813 2955 892 3020 rstia
907 2977 989 3022 vans
1002 2969 1122 3024 tenent.

368 3061 406 3124 ln
417 3060 560 3123 claustro
572 3058 709 3139 eapitur,
720 3079 816 3142 quem
827 3067 956 3142 torquet
964 3080 1053 3123 amor
1062 3060 1220 3140 vitiorum,
1238 3066 1320 3127 1770
1369 3067 1372 3074 ’

458 3160 543 3222 Nam
558 3158 664 3242 paries
679 3160 807 3224 claustri
821 3159 950 3244 pervius
964 3171 1073 3226 exstat
1085 3161 1126 3227 iis
1131 3185 1142 3242 3

368 3264 553 3346 Irmmpunt
567 3281 667 3340 arces,
680 3263 865 3346 nullamque
879 3263 1023 3328 resistere
1037 3285 1145 3348 posse,

456 3363 491 3428 Si
507 3363 606 3428 semel
620 3362 788 3446 insurgant
803 3363 945 3447 grandia,
955 3366 1041 3456 'scito
1055 3387 1168 3432 suram.

370 3465 446 3528 Nun
461 3465 591 3531 adamas
607 3467 714 3530 obstat
729 3465 824 3545 vitiis,
840 3487 905 3530 uon
921 3467 1041 3532 ferreus
1054 3489 1162 3551 agger,

456 3568 532 3630 Non
547 3587 643 3652 aqua,
653 3567 834 3645 noniossae,
846 3567 905 3632 sed
920 3589 980 3632 nse
994 3569 1107 3655 iniqua
1116 3570 1221 3654 palus.
1239 3575 1322 3637 1780

569 3669 622 3732 De
637 3669 764 3754 triplici
778 3669 941 3734 obstaculo
954 3673 1118 3736 vitiorum.

369 3769 457 3854 Ergo
472 3779 540 3835 tam
555 3771 632 3834 saevi
648 3792 712 3856 qus
725 3782 862 3856 possunt
877 3783 944 3836 srts
958 3773 1070 3856 repelli

453 3868 593 3936 Hostes?
616 3879 672 3934 sut
685 3872 764 3956 quid
779 3893 835 3938 sos
850 3873 938 3956 cogit
950 3874 1033 3938 inire
1047 3875 1174 3958 fugam?

368 3973 404 4036 si
420 3971 516 4035 timor
531 3979 606 4034 antu
622 3969 717 4050 fores,
732 3982 764 4036 et
780 3974 809 4036 si
824 3972 929 4057 pudor
941 3975 1022 4040 atriu
1035 3986 1151 4056 servet,

454 4073 500 4136 Et
515 4071 543 4134 si
557 4080 666 4135 custus
680 4093 769 4136 amor
782 4074 932 4140 interiora
944 4085 1044 4156 tenet,

370 4172 501 4237 Devitut
514 4193 646 4256 poenum
661 4171 756 4236 timor
770 4174 934 4240 officiosus
948 4186 982 4241 et
995 4199 1101 4258 omne,
1239 4183 1322 4245 1785

457 4274 563 4355 Quod,
576 4275 640 4339 nisi
654 4289 842 4360 praecsvsut
857 4299 952 4362 posse
967 4301 1082 4345 nocere
1096 4290 1199 4364 putat.

371 4374 520 4440 Nominis
534 4375 692 4458 ingenuus
707 4377 866 4444 maculam
881 4377 986 4460 pudor
1000 4388 1097 4456 arcet,
1112 4379 1226 4446 odores
