3625 5317
486 794 546 852 106
748 805 885 850 mamus
901 804 1183 850 sannssamnnsrs
1307 788 1392 867 [ms.
1408 808 1441 854 n.

486 956 576 1045 quod
596 957 628 1021 in
652 978 696 1033 se,
712 954 767 1021 sed
789 956 878 1042 quod
901 954 1005 1021 multa
1019 955 1108 1018 vivat
1130 977 1281 1041 expressa
1302 958 1441 1043 plurium

481 1056 716 1133 conformitate,
737 1054 871 1120 articulo
892 1055 1045 1143 praesenti
1068 1078 1131 1119 non
1154 1056 1331 1141 derogant:
1361 1057 1440 1123 illud

482 1161 565 1225 enim
581 1182 639 1223 nec
655 1157 760 1223 statim
777 1180 835 1223 nec
851 1162 928 1223 satis
943 1180 1044 1222 unum
1059 1171 1120 1235 est,
1132 1171 1191 1223 arat
1205 1158 1322 1246 utique
1336 1160 1442 1243 singu-

483 1266 549 1329 lare
576 1271 633 1327 est.
678 1260 926 1339 Quantumlibet
951 1261 1127 1325 conformia
1152 1260 1215 1325 sint
1240 1282 1340 1346 opera
1370 1262 1441 1339 Dei,

482 1366 590 1431 omnia
605 1362 779 1449 singularia
791 1375 866 1430 sunt
880 1362 1081 1451 vicissimque
1093 1362 1240 1443 discreta,
1250 1366 1306 1427 illo
1319 1368 1367 1429 sic
1380 1366 1443 1428 dia·

479 1474 628 1552 ponente,
641 1469 699 1549 qui
712 1468 818 1529 omniu
837 1468 958 1529 creamt
978 1468 1017 1527 in
1038 1485 1183 1539 numero,
1199 1466 1243 1527 ud
1263 1467 1441 1530 distinctio-

482 1592 566 1650 rtem,
586 1576 618 1633 et
636 1568 787 1653 pondere,
803 1568 847 1630 ud
864 1568 995 1649 generis
1014 1566 1216 1650 dian'tatem,
1239 1582 1272 1631 et
1294 1587 1439 1630 mensura

482 1672 523 1736 ad
539 1671 669 1737 modum
691 1669 882 1756 quantitatis
896 1682 1004 1742 certae,
1020 1666 1177 1732 infinitam
1193 1667 1253 1731 sibi
1273 1689 1439 1733 reservans

482 1776 514 1839 in
529 1774 678 1840 omnibus
693 1774 926 1837 auctoritatem.
972 1773 1100 1836 Caetera
1121 1771 1204 1834 enim
1221 1771 1330 1835 omnia
1350 1771 1438 1837 linita

482 1891 569 1942 sunt.
614 1875 726 1940 Omnis
751 1896 890 1961 namque
916 1872 1106 1963 substantia,
1130 1873 1343 1939 recidentium
1369 1874 1439 1960 pln-

484 1979 621 2054 ralitate‚
643 1998 776 2040 numero
803 1972 922 2039 subest.
970 1972 1125 2039 Accidens
1146 1988 1253 2040 autem
1280 1998 1386 2053 omne,
1408 1990 1439 2041 et

483 2077 585 2143 forma
596 2075 759 2162 quaslibet,
771 2076 880 2139 itidem
894 2098 1028 2140 numero
1039 2076 1197 2163 subjacet:
1219 2077 1275 2141 sed
1286 2100 1349 2142 non
1361 2078 1440 2143 acci·

482 2177 628 2244 dentium
637 2190 693 2241 aut
703 2176 877 2242 formarum
890 2177 1145 2264 participatione,
1154 2179 1208 2242 sed
1220 2178 1438 2265 singularitate

483 2278 629 2366 subjecti.
678 2278 786 2344 Habet
801 2276 911 2343 itidem
930 2282 1183 2362 ponderantem,
1200 2280 1250 2345 vel
1272 2303 1333 2367 pro
1347 2302 1440 2345 rene·

481 2382 603 2447 ratione
617 2380 740 2461 formae,
755 2381 780 2444 si
802 2381 982 2445 substantia
996 2393 1056 2462 est,
1071 2381 1121 2444 vel
1143 2403 1203 2469 pro
1216 2382 1375 2467 dignitate
1389 2384 1434 2447 ef·

482 2486 596 2565 lectus,
621 2484 646 2548 si
674 2484 715 2548 sit
741 2482 852 2549 forma.
898 2483 986 2547 Hinc
1010 2496 1071 2564 est,
1096 2485 1183 2572 quod
1210 2486 1382 2566 hominem,
1405 2489 1437 2551 in

482 2585 678 2663 substantiis,
694 2608 733 2649 ex
752 2584 862 2649 lormae
884 2586 1072 2660 reverentia,
1088 2587 1192 2653 brutis
1211 2588 1434 2675 praeferimus;

482 2688 631 2775 quoniam
648 2687 810 2753 rationalis
824 2702 889 2751 est:
914 2699 947 2751 et
962 2686 1205 2754 rationalitatem
1220 2692 1438 2776 praeponimus

480 2790 592 2872 colori,
607 2814 644 2855 eo
665 2790 750 2879 quod
773 2789 853 2856 lacit
876 2789 1039 2855 rationale.
1083 2792 1248 2856 Mensura
1263 2814 1338 2856 vero
1352 2792 1384 2857 in
1400 2816 1438 2858 eo

481 2895 637 2977 consistit,
649 2894 735 2982 quod
749 2916 798 2958 res
809 2894 912 2958 omnis
922 2907 1009 2958 certa
1025 2894 1213 2981 quantitatis
1228 2893 1298 2981 lege
1309 2896 1436 2961 linitur:

481 3010 517 3064 ut
533 3021 590 3063 nec
605 2997 751 3063 accidens
771 2996 836 3061 sive
858 2995 972 3072 forma,
989 3017 1055 3060 rem
1077 2995 1274 3082 subjectam
1305 3018 1365 3062 nec
1386 3019 1438 3063 res

481 3103 635 3188 subjecta,
646 3099 831 3176 accidentis,
841 3112 895 3164 aut
908 3099 1021 3164 formas
1032 3097 1162 3163 modum
1174 3098 1319 3166 excedat.
1353 3100 1436 3165 Nam

481 3214 514 3267 et
529 3206 616 3289 color
633 3201 665 3263 in
682 3213 750 3265 toto
771 3198 965 3265 diffunditur
986 3222 1129 3286 corpore,
1145 3201 1280 3287 ejusque
1302 3205 1437 3269 termino

481 3300 652 3367 limitatur:
673 3312 705 3364 et
716 3319 832 3383 corpus
842 3298 881 3362 ad
893 3299 1007 3363 coloris
1018 3300 1199 3386 disponitur
1210 3302 1436 3386 quantitatem,

480 3425 540 3468 nec
565 3399 702 3477 excedit,
726 3422 783 3463 nec
812 3397 895 3465 infra
918 3401 1072 3467 subsistit.
1129 3400 1180 3466 Sic
1209 3415 1242 3467 et
1266 3402 1436 3490 quodlibet

480 3503 636 3579 accidens,
652 3504 768 3567 intuto
787 3500 836 3566 sui
859 3501 1004 3587 subjecto
1024 3516 1073 3567 est
1095 3502 1248 3583 totaliter,
1262 3506 1318 3569 aad
1338 3508 1438 3571 totins

480 3603 718 3693 partialiter,si
745 3624 806 3687 pro
827 3613 934 3687 purte.
989 3601 1032 3669 Et
1058 3602 1227 3690 quodlibet
1253 3604 1434 3691 subjectum

479 3706 652 3773 accidentis
681 3706 731 3772 sui
761 3705 917 3770 limitibus
942 3715 1140 3791 coaequatur.
1184 3708 1259 3771 Hoc
1283 3706 1368 3773 idem
1393 3705 1435 3771 de

479 3807 664 3893 generibus,
679 3819 711 3871 et
727 3806 892 3894 speciebus
913 3806 1082 3892 protestari
1106 3827 1169 3871 non
1186 3829 1305 3873 vereor.
1351 3807 1435 3886 Quin

478 3908 600 3975 mundo
622 3907 812 3975 reclamante
834 3908 951 3986 dicam,
966 3912 1120 3991 quoniam
1140 3934 1163 3975 a
1185 3914 1256 3976 Deo
1271 3918 1362 3986 auat,
1376 3923 1435 3975 aut

476 4011 607 4077 omnino
636 4010 715 4075 nihil
745 4022 830 4076 sunt.
880 4010 1007 4075 Clamat
1037 4032 1160 4075 mecum
1191 4023 1224 4077 et
1253 4012 1435 4095 Dionysias

478 4116 686 4199 Areopagitas,
709 4126 740 4179 et
763 4134 945 4187 numerum,
961 4136 1027 4199 quo
1049 4112 1285 4194 discernuntur,
1308 4113 1436 4200 pondus

476 4239 545 4305 quo
568 4228 767 4292 statuuntur,
789 4237 981 4291 mensuram,
1004 4236 1069 4300 qua
1089 4214 1294 4281 diffiniuntur
1315 4214 1434 4291 omnis,

479 4320 541 4385 Dei
561 4320 638 4387 dicit
661 4318 843 4406 imaginem.
889 4319 1056 4405 Siquidem
1079 4321 1437 4395 Herennianum,

477 4442 634 4489 nummus
654 4429 710 4499 est,
732 4424 862 4507 pondus
883 4426 954 4491 sine
971 4421 1123 4507 pondere,
1146 4423 1218 4487 sinc
1242 4422 1437 4503 qrauntitatc,
