3625 5317
404 828 475 874 ose.
489 806 599 890 xv1n.]
751 826 994 873 usnsnomcns.
1308 812 1349 871 98

402 999 504 1064 quum
533 999 635 1063 genus
663 976 765 1055 cudit,
796 978 845 1042 vel
874 980 1003 1067 species,
1034 1000 1083 1041 res
1111 977 1242 1063 quidem
1272 977 1350 1043 dicit

401 1078 621 1163 intelligendas
637 1078 838 1159 universales,
853 1103 937 1145 nunc
952 1102 1058 1144 rerum
1075 1084 1238 1145 materiem
1253 1080 1350 1145 inter·
1404 1084 1410 1095 ‘

401 1192 555 1267 pretatur.
603 1185 675 1246 Hoc
696 1196 802 1246 autem
827 1204 939 1246 nomen
962 1182 994 1245 in
1018 1205 1084 1268 quo
1109 1194 1276 1246 auctorum
1302 1181 1348 1245 io·

402 1283 534 1359 venerit,
551 1281 601 1345 vel
616 1282 697 1347 hanc
712 1284 958 1361 distinctionem,
975 1285 1130 1349 incertum
1147 1282 1266 1347 babeo:
1290 1283 1349 1348 nisi

400 1384 484 1449 sorte
503 1384 536 1447 in
555 1387 806 1469 qlossemotibus,
822 1398 878 1449 sut
899 1385 1122 1449 modernorum
1144 1384 1263 1468 linguis
1277 1384 1351 1449 doc-

402 1496 518 1548 torum.
564 1484 626 1550 sed
658 1496 690 1549 et
714 1484 759 1550 ibi
786 1484 865 1570 quid
893 1485 1049 1569 significet
1078 1506 1140 1548 non
1168 1483 1270 1560 video,
1293 1484 1352 1548 nisi

402 1607 509 1649 rerum
531 1584 747 1651 collectionem
767 1608 839 1650 cum
864 1585 1037 1661 Gauslenm
1058 1599 1116 1649 aut
1138 1608 1204 1647 rem
1228 1585 1354 1649 univer·

403 1688 512 1766 solem,
536 1688 623 1773 quod
654 1705 759 1753 tamen
789 1689 874 1774 fugit
900 1692 1062 1753 materiem
1088 1686 1171 1761 dici;
1210 1708 1283 1750 nam
1312 1686 1354 1750 ad

403 1802 580 1876 utrumque
601 1801 707 1875 potest
729 1791 770 1855 ab
796 1790 1059 1875 interpretatione
1084 1810 1198 1852 nomen
1223 1788 1352 1851 referri:

403 1914 443 1955 eo
465 1889 552 1975 quod
580 1889 736 1968 materies,
760 1912 865 1954 rerum
889 1912 1051 1970 numerus,
1073 1902 1130 1955 aut
1157 1902 1270 1962 status,
1292 1887 1354 1952 dici

403 2004 521 2079 potest,
547 1991 580 2055 in
605 2015 673 2078 quo
699 1991 770 2057 talis
795 2006 960 2079 permonet
986 2012 1047 2055 res.
1091 1995 1160 2057 Nec
1183 1989 1271 2055 deest
1297 1992 1355 2077 qui

404 2116 510 2158 rerum
533 2106 637 2158 status
660 2093 817 2174 attendet,
841 2107 872 2158 et
899 2116 953 2157 eos
977 2116 1095 2178 genera
1119 2092 1197 2158 dicit
1223 2114 1302 2173 csse,
1322 2105 1355 2156 et

406 2195 532 2281 species.

408 2377 487 2462 Cap.
506 2382 553 2442 18.
579 2380 672 2455 Quod
684 2383 869 2462 posteriores
890 2399 1013 2461 semper
1028 2381 1176 2461 priorum
1191 2381 1356 2462 opiniones

497 2510 499 2517 ·
787 2483 974 2545 immutant.

451 2602 599 2669 Lonouss
624 2608 697 2683 erit,
717 2619 750 2671 et
774 2628 793 2669 a
816 2606 981 2694 proposito
999 2607 1129 2692 penitus
1152 2604 1302 2681 alienum,
1328 2605 1355 2671 si

408 2701 606 2789 singulorum
621 2707 786 2792 opiniones
799 2730 949 2793 posuero,
965 2706 1014 2769 vel
1029 2728 1166 2771 errores:
1190 2729 1304 2792 quum,
1319 2720 1356 2771 ut

408 2806 505 2870 verbo
525 2808 647 2872 Comici
669 2822 753 2885 utar,
762 2812 837 2891 sere
856 2819 934 2893 quot
953 2808 1099 2881 homines,
1122 2818 1169 2869 tot
1187 2808 1357 2872 sententio.

409 2908 493 2974 Nam
508 2909 549 2972 de
565 2908 725 2995 magistris
744 2921 802 2972 aut
822 2908 942 2984 nullus,
957 2926 1013 2973 aut
1028 2930 1119 2971 rarus
1139 2920 1197 2985 est,
1213 2908 1270 2991 qui
1284 2907 1357 2970 doc-

408 3008 487 3074 toris
517 3010 565 3072 sui
597 3010 673 3074 velit
702 3008 856 3072 inhaerere
887 3007 1037 3093 vestigiis.
1092 3008 1142 3071 Ut
1172 3006 1233 3071 sibi
1263 3008 1359 3072 facist

408 3131 536 3188 nomen,
551 3110 687 3196 quisque
707 3108 873 3197 proprium
894 3108 987 3175 cudit
1006 3128 1164 3173 errorem:
1188 3111 1297 3195 sicque
1311 3109 1360 3191 lit,

410 3222 448 3273 ut
478 3207 556 3272 dum
580 3232 612 3272 se
638 3209 800 3275 doctorem
830 3210 988 3294 corrigere
1017 3210 1189 3297 promittit,
1218 3210 1357 3297 seipsum

409 3308 644 3394 corrigendum,
672 3322 728 3375 sut
760 3309 1066 3396 reprehendendum,
1090 3324 1154 3375 tam
1181 3311 1359 3399 discipulis,

410 3433 506 3497 quam
519 3412 653 3497 posteris
665 3412 814 3496 praebest.
838 3414 912 3497 Ego
922 3412 991 3499 ipse
1001 3412 1079 3478 mihi
1088 3413 1191 3497 legem
1202 3413 1284 3477 benc
1295 3435 1358 3477 non

409 3512 538 3597 ambigo
556 3510 731 3589 imminere,
752 3524 789 3576 ut
809 3510 888 3575 dum
909 3514 950 3577 ob
969 3513 1040 3577 aliis
1061 3512 1224 3596 dissentio,
1243 3527 1275 3579 et
1295 3514 1361 3578 dis-

410 3634 536 3677 sensum
553 3614 672 3700 scripto
692 3613 854 3700 profiteor,
869 3635 919 3677 me
933 3614 1050 3701 objicio
1065 3614 1360 3701 reprehensionibus

409 3714 632 3802 plurimorum.
677 3715 743 3789 Qui
765 3718 847 3779 enim
871 3715 1016 3802 loquitur
1032 3716 1199 3802 judicatur
1219 3716 1261 3781 ab
1284 3738 1359 3795 uno,

411 3821 463 3882 vel
488 3840 508 3881 a
533 3818 659 3902 paucis:
698 3816 751 3881 sed
782 3817 839 3903 qui
870 3818 992 3895 scribit,
1017 3819 1158 3883 omnium
1190 3819 1361 3884 sententias

411 3919 540 4003 excipit,
564 3934 596 3984 et
624 3910 722 3985 totius
743 3919 839 3996 orbis,
863 3935 895 3985 et
921 3921 1023 3985 omnis
1045 3920 1147 3985 oetstis
1172 3944 1206 3985 se
1228 3921 1360 4008 exponit

409 4020 542 4107 judicio.
600 4026 646 4089 Ut
673 4035 779 4087 sutem
811 4044 884 4087 cum
911 4022 1097 4088 doctoribus
1123 4023 1232 4089 mitius
1257 4045 1362 4109 agam,

413 4121 596 4208 soepiusad
623 4144 747 4197 nomen,
773 4145 869 4208 qusm
891 4122 932 4187 od
955 4146 1033 4203 rem,
1056 4123 1205 4189 videntur
1230 4123 1359 4209 plurimi

413 4222 587 4310 disputare.
633 4222 721 4287 Nihil
742 4237 845 4288 tamen
868 4237 915 4289 est
936 4224 1023 4312 qnod
1045 4226 1122 4290 artis
1141 4226 1239 4312 hujus
1256 4224 1362 4287 minus

414 4324 524 4389 deceat
548 4323 770 4410 professorem,
794 4326 944 4411 quoniam
968 4326 1084 4391 modus
1109 4327 1161 4391 bic
1184 4328 1252 4387 viro
1274 4325 1363 4405 gravi

414 4427 762 4491 inconvenientissimus
791 4443 847 4491 est.
905 4432 951 4492 Ut
978 4427 1061 4490 enim
1091 4428 1137 4489 ait
1161 4425 1362 4504 Aristoteles,
