3625 5317
471 768 531 831 126
724 784 860 829 noturus
876 782 1153 829 stamnnmsnsrs
1266 768 1350 847 [tre.
1367 788 1417 831 ιιι,

467 933 624 1019 adjicitur,
640 942 696 997 aut
714 934 862 997 effectum
887 932 1019 1007 redolet,
1034 940 1070 996 et
1088 933 1134 997 sic
1152 933 1340 998 substantiae
1360 936 1417 999 ob-

466 1034 599 1099 noxium
614 1044 672 1113 est,
686 1044 742 1099 aut
756 1044 946 1118 potestatem
960 1033 1053 1117 sapit,
1069 1033 1161 1118 cujus
1180 1033 1263 1099 lorto
1275 1035 1416 1119 operatio

466 1135 607 1200 nondum
623 1146 680 1199 est.
712 1134 809 1209 Quod
823 1133 1048 1218 siprocesserit
1058 1134 1232 1221 inquisitio,
1242 1148 1279 1201 ut
1293 1157 1415 1222 quoera-

466 1254 518 1302 tur
543 1246 672 1322 quauta,
695 1247 752 1300 aut
774 1236 829 1300 ubi
853 1235 904 1312 sit,
928 1234 971 1299 ad
996 1235 1208 1321 corporalium
1230 1237 1415 1303 diverticula

466 1338 653 1422 fugiendum
664 1351 721 1403 est.
754 1338 851 1403 Unde
866 1336 1032 1422 pauciores
1043 1338 1114 1403 illos
1127 1339 1224 1403 credo
1234 1361 1413 1424 peragrasse

466 1438 677 1524 philosophos,
699 1440 754 1525 qui
776 1450 900 1504 nature
922 1438 1054 1503 arbitrio
1075 1438 1336 1503 mathematicum
1360 1462 1415 1525 per

466 1539 574 1604 omnis
602 1552 787 1626 comquuut:
824 1540 992 1625 opinantes
1021 1539 1055 1602 in
1083 1537 1153 1603 aliis
1183 1538 1319 1605 inveniri
1345 1540 1412 1603 hacc

465 1663 584 1725 genera
594 1641 927 1728 praedicamentorum,
935 1660 1010 1725 ques
1024 1639 1057 1703 in
1073 1640 1267 1724 corporibus,
1277 1651 1312 1705 et
1325 1641 1413 1726 spiti-

466 1742 552 1808 tibus
566 1742 734 1809 manifeste
749 1752 833 1807 suut.
873 1740 993 1807 Omnia
1007 1762 1085 1825 ergo
1097 1762 1215 1825 genere
1229 1742 1419 1829 speciesque

467 1845 725 1921 substantiarum,
745 1855 778 1908 et
796 1842 998 1929 qualitatum,
1013 1842 1225 1929 aliorumque,
1243 1842 1347 1929 primo
1366 1845 1414 1909 in·

466 1957 582 2031 gerunt
603 1945 870 2032 praedicamento:
901 1944 1053 2031 quoniam
1072 1945 1270 2031 appositione
1290 1946 1414 2030 generis

467 2047 584 2133 speciei
598 2047 711 2131 primes
731 2046 843 2111 satisfit
856 2046 1038 2131 quaestioni,
1052 2046 1085 2111 id
1108 2058 1166 2127 est,
1180 2046 1362 2113 declaratur
1374 2050 1413 2113 de

467 2148 574 2233 aliquo
584 2146 662 2233 quid
672 2147 775 2231 ipsum
784 2146 834 2213 sit.
865 2146 994 2213 Deinde
1003 2169 1061 2232 pro
1071 2170 1190 2233 genere
1200 2148 1413 2235 queestionum

466 2248 632 2335 aequantia
661 2247 841 2333 disponunt.
898 2248 970 2315 Hoc
1005 2250 1135 2336 quidem
1171 2251 1212 2315 ab
1244 2251 1413 2317 Aristotele

466 2350 592 2417 videtur
619 2350 778 2415 elienum:
814 2350 858 2415 ait
887 2351 993 2417 enim:
1029 2352 1234 2419 manifestum
1263 2355 1413 2441 quoniam

466 2451 619 2540 quicquid
641 2462 700 2532 eet,
721 2452 878 2536 significat
899 2454 1091 2541 quandoque
1113 2455 1244 2541 quidem
1271 2458 1414 2521 substen-

466 2554 555 2629 tiam,
568 2553 760 2641 quandoque
769 2564 877 2619 eutem
889 2554 995 2640 quale,
1004 2556 1197 2642 quandoque
1208 2557 1329 2643 eliquid
1340 2558 1415 2623 elio

467 2678 537 2721 rum
554 2656 892 2744 praedicameutorum:
916 2679 991 2723 nem
1006 2659 1134 2744 quaudo
1154 2660 1256 2744 posito
1274 2660 1414 2737 homine,

466 2761 584 2828 dixerit
601 2762 705 2849 ipsum
727 2761 889 2827 hominem
911 2783 990 2838 esse,
1006 2762 1059 2827 vel
1079 2762 1257 2842 animaist
1275 2765 1417 2852 quidest

466 2865 553 2944 dicit,
569 2877 602 2931 et
620 2865 828 2931 substantium
851 2864 1018 2949 significet.
1063 2864 1203 2939 Quando
1218 2887 1294 2931 vero
1313 2867 1414 2953 posito

466 2969 540 3035 elbo
561 2970 677 3049 colore,
696 2968 782 3055 quod
802 2967 942 3053 positum
962 2978 1020 3044 est,
1041 2967 1158 3035 dixerit
1175 2968 1315 3034 colorem
1336 2992 1414 3047 csse,

466 3072 544 3158 quid
559 3084 616 3149 est,
633 3072 720 3145 dicit,
738 3084 772 3136 et
785 3070 890 3157 quale,
902 3068 1071 3155 significet.
1101 3070 1154 3135 Sic
1169 3070 1271 3156 posits
1285 3071 1416 3137 cubitali

466 3172 696 3256 magnitudine,
712 3172 739 3235 si
753 3171 868 3236 dixerit
882 3192 955 3236 eam
973 3192 1042 3235 esse
1056 3170 1322 3255 magnitudinem,
1337 3172 1415 3258 quid

465 3284 524 3352 est,
539 3272 627 3351 dicit,
642 3285 675 3336 et
693 3282 849 3357 quantum
868 3272 1034 3356 significet
1081 3273 1235 3339 Similiter
1253 3285 1363 3339 eutem
1383 3284 1417 3338 ct

465 3376 498 3439 in
521 3372 607 3438 eliis:
639 3372 889 3459 unumquodque
914 3374 1001 3439 euim
1024 3374 1148 3455 talium,
1168 3375 1234 3439 sive
1260 3374 1347 3439 idem
1373 3374 1415 3437 de

465 3474 580 3539 eodem
594 3472 729 3551 dicetur,
745 3474 811 3539 sive
825 3495 937 3559 genus,
949 3475 991 3540 de
1006 3475 1076 3552 hoe,
1089 3474 1168 3563 quid
1182 3486 1231 3539 est
1241 3474 1413 3560 significate

465 3576 594 3663 quando
617 3586 724 3641 autem
748 3575 790 3641 de
813 3576 887 3658 elio,
909 3598 974 3641 non
996 3577 1073 3663 quid
1096 3588 1145 3642 est
1169 3575 1339 3661 significet,
1358 3574 1415 3640 sed

466 3694 633 3767 quantum,
645 3691 702 3745 eut
715 3678 820 3767 quale,
830 3690 887 3745 eut
900 3678 1023 3766 eliquid
1033 3678 1168 3744 eliorum
1184 3678 1412 3764 predicamen-

466 3794 582 3848 torum.
628 3782 788 3869 Eqmdem
804 3804 867 3848 non
888 3781 941 3847 hic
957 3781 1084 3847 videtur
1100 3791 1213 3846 auctor
1227 3779 1416 3865 exprimere,

464 3885 551 3972 quod
573 3884 606 3949 in
629 3884 742 3949 eodem
762 3884 1022 3971 praedicamento,
1037 3882 1097 3948 etsi
1119 3881 1260 3948 eundem
1281 3880 1412 3945 modum

466 3987 606 4053 habeent
630 3986 835 4072 praedicandi,
861 3987 926 4052 sint
952 3984 1061 4050 omnic
1088 4006 1216 4069 genera,
1243 3997 1300 4049 eut
1329 3980 1415 4069 quod

466 4112 578 4156 novem
593 4112 713 4175 genera
730 4088 976 4163 occidentalium
994 4109 1099 4153 rerum
1122 4110 1186 4153 non
1201 4084 1416 4173 predicentur

464 4194 505 4259 de
520 4192 711 4273 subdendis,
726 4204 782 4258 eut
796 4192 882 4278 quod
897 4189 1012 4255 eodem
1032 4189 1129 4255 modo
1143 4188 1359 4276 predicentur
1372 4186 1412 4251 de

464 4294 623 4383 subjectis,
640 4293 727 4359 etde
743 4290 900 4357 contentis
916 4289 989 4358 suis.
1029 4290 1180 4369 Isidorus,
1198 4288 1365 4365 Alcuinus,
1380 4298 1413 4353 et

465 4398 594 4483 quidem
610 4394 664 4463 elii
679 4392 869 4479 sapientum,
885 4391 992 4459 omnia
1010 4392 1074 4458 elia
1087 4391 1128 4457 de
1144 4391 1254 4478 primis
1269 4390 1415 4457 substan·
