3625 5317
401 785 571 865 canxrn]
752 802 995 849 uaraaomcus.
1314 792 1355 851 35

399 976 468 1019 eam
491 952 723 1041 philosophari,
747 976 844 1040 quarn
868 952 951 1019 inter
981 954 1188 1041 philosophos
1203 956 1351 1037 eminere,

398 1053 455 1139 qui
471 1074 594 1139 semper
609 1074 713 1118 caecus
728 1066 760 1118 et
775 1054 892 1119 surdus
906 1054 981 1120 suit.

406 1238 484 1324 Cap.
505 1240 554 1302 rt.
579 1240 672 1315 Quod
685 1244 770 1323 ipsa,
786 1244 846 1305 etsi
860 1246 1024 1307 naturalia
1038 1264 1101 1307 uon
1116 1249 1171 1321 ait,
1186 1256 1342 1310 naturam

791 1344 949 1408 imitatur.

438 1458 614 1523 Carsania
629 1480 731 1545 quum
747 1458 816 1523 baec
830 1458 872 1522 ad
886 1459 1038 1545 placitum
1054 1461 1107 1538 sit,
1123 1484 1186 1525 non
1200 1484 1220 1526 a
1236 1472 1350 1528 natura

394 1560 522 1625 videtur
537 1583 604 1625 esse
619 1560 783 1646 proiecta;
808 1558 965 1647 siquidem
981 1562 1142 1627 naturalia
1152 1563 1262 1628 eadem
1274 1578 1349 1630 sunt

396 1658 619 1747 apud'omnes‚
636 1661 705 1724 haec
729 1672 835 1723 autem
858 1659 944 1743 apud
960 1682 1070 1724 omnes
1084 1684 1147 1724 non
1167 1664 1276 1727 eadem
1292 1676 1350 1730 est.

397 1760 526 1826 Artium
557 1783 633 1824 vero
659 1773 792 1823 matrem
822 1758 969 1842 superius
990 1757 1157 1823 collectum
1187 1773 1250 1838 est,
1279 1785 1345 1827 esse

395 1872 565 1926 naturam:
610 1860 664 1924 sed
704 1860 778 1924 licet
817 1858 886 1922 lraec
923 1858 1137 1945 aliquatenus,
1177 1860 1275 1926 immo
1308 1886 1347 1929 ex

394 1962 534 2027 maxima
555 1975 647 2049 parte
669 1962 711 2025 ab
735 1960 899 2025 homiuum
926 1960 1127 2025 institutione
1150 1966 1349 2047 processerit,

395 2080 542 2132 naturam
553 2078 659 2131 tumen
675 2064 829 2144 imitatur,
844 2077 874 2128 et
888 2085 948 2151 pro
958 2078 1050 2147 parte
1058 2065 1100 2128 ab
1115 2064 1185 2153 ipsa
1194 2066 1347 2151 originem

395 2164 497 2242 ducit,
512 2166 605 2251 eique
620 2166 652 2229 in
664 2165 822 2241 omnibus,
845 2183 1004 2245 quantum
1021 2178 1137 2250 potest,
1154 2166 1261 2231 studet
1280 2190 1348 2234 esse

393 2268 581 2333 conformis:
601 2267 685 2331 unde
694 2280 726 2331 et
735 2267 775 2331 ad
788 2267 858 2352 ejus
869 2266 1157 2345 nutum‚vocalium
1169 2290 1348 2351 numerum,

395 2367 482 2455 apud
508 2390 617 2432 omnes
638 2380 760 2453 gentes,
783 2380 942 2454 quantum
965 2366 1004 2429 ad
1036 2366 1191 2430 elementa
1213 2382 1348 2454 spectat,

396 2468 542 2554 quinario
564 2468 709 2534 inclusit:
742 2490 813 2531 nam
844 2464 932 2552 apud
958 2465 1139 2551 plerosque,
1169 2466 1347 2551 figurarum

396 2592 547 2633 numerus
568 2567 775 2655 multiplicior
797 2580 855 2633 est.
905 2569 1073 2632 Tcuredua
1101 2582 1206 2632 tamen
1229 2585 1347 2652 noster,

394 2672 619 2756 grammaticus
635 2670 766 2735 scientia
781 2692 877 2755 quam
899 2669 1047 2758 opinione
1062 2670 1234 2754 potentior,
1250 2674 1346 2736 etiam

392 2770 424 2834 in
434 2772 519 2835 sonis
527 2771 738 2836 elementariis
747 2768 934 2854 ampliorem
949 2789 1117 2833 numerum
1128 2769 1343 2836 convincebat.

392 2874 426 2937 Si
441 2873 524 2937 enim
534 2872 744 2938 attendantur
755 2892 869 2933 vocum
883 2874 893 2945 l
898 2883 935 2932 ut
944 2869 1003 2961 ait)
1015 2868 1215 2946 differentia,
1225 2882 1345 2955 septem

393 2985 477 3037 sunt.
510 2972 548 3035 ln
563 2972 640 3058 ipsis
650 2990 781 3057 quoque
795 2967 1055 3040 consonantibus,
1069 2965 1210 3029 diversas
1226 2968 1346 3054 species

392 3072 628 3138 semivocalium
637 3084 671 3135 et
682 3082 855 3147 mutarum,
866 3069 944 3132 item
955 3067 1145 3155 simplicium
1155 3066 1347 3155 duplicium-

390 3197 467 3261 que,
482 3185 598 3238 natura
612 3169 782 3236 formavit:
806 3190 943 3256 quarum
967 3166 1178 3233 differentiam
1198 3185 1345 3259 patenter

390 3275 541 3353 advertit,
557 3274 582 3339 si
604 3277 678 3361 quis
699 3271 845 3337 attendat
867 3292 935 3347 ora,
957 3269 1095 3336 mirabili
1118 3270 1188 3359 lege
1208 3287 1343 3355 natura,

390 3377 588 3443 modulantia
604 3394 709 3451 voces,
725 3390 757 3439 et
774 3384 963 3458 potestatem
979 3395 1087 3437 earum
1099 3374 1210 3440 subtili
1225 3376 1344 3441 exami-

389 3483 516 3545 natione
527 3476 713 3563 perpendat.
758 3474 834 3561 ipsa
844 3496 976 3560 quoque
987 3472 1154 3539 nominum
1165 3476 1342 3562 impositio,

387 3573 1341 3666 aliarumquedictionum,etsiarbitriohumanoprocessarit,

388 3693 513 3746 natura
534 3674 771 3765 quodammodo
791 3675 931 3740 obnoxia
951 3687 1010 3754 eat,
1025 3696 1122 3760 quam
1137 3697 1196 3762 pro
1212 3676 1342 3742 modulo

388 3804 445 3846 suo
455 3780 662 3867 probabiliter
670 3776 826 3842 imitatur.
851 3776 960 3839 Homo
968 3775 1051 3839 enim
1064 3775 1105 3841 ad
1117 3779 1340 3863 exequendum

389 3883 505 3947 divina
527 3878 772 3967 dispensationis
802 3876 962 3956 effectum,
984 3887 1016 3939 et
1046 3876 1086 3939 ad
1109 3875 1342 3944 instituendum

387 3984 471 4047 inter
487 3983 627 4048 homines
643 3980 732 4045 verbi
748 3979 983 4055 commercium,
999 3978 1096 4043 rebus
1109 3979 1154 4042 eis
1168 3979 1272 4066 primo
1288 4005 1343 4045 vo·

387 4082 504 4149 cabula
516 4084 645 4164 indidit,
667 4106 742 4170 quae
764 4080 990 4167 praejacebant,
1013 4092 1137 4143 naturae
1158 4101 1254 4145 manu
1277 4082 1342 4146 for·

388 4197 496 4265 matre,
513 4197 545 4249 et
565 4206 646 4271 quas
668 4184 735 4262 illa,
753 4182 801 4247 vel
817 4206 855 4246 ex
879 4193 1020 4268 quatuor
1043 4181 1218 4260 elementis,
1236 4182 1342 4244 velex

385 4286 519 4353 materia
545 4300 577 4351 et
604 4286 718 4363 forma,
739 4295 943 4370 compegerat
967 4293 1000 4344 et
1020 4280 1224 4354 distinxerat,
1241 4293 1277 4343 ut
1292 4301 1342 4344 ra·

384 4386 509 4453 tionalis
535 4398 691 4453 creaturae
713 4398 840 4472 possent
864 4380 1008 4448 sensibus
1037 4380 1143 4464 objici,
1166 4400 1341 4465 earumque

837 4504 858 4545 n
873 4492 894 4545 2
