3625 5317
462 810 521 871 136
717 824 853 869 roanms
870 822 1148 868 suassaauruusis
1259 802 1341 883 [ma.
1359 822 1410 869 ru.

458 974 725 1061 progrediendum
742 990 800 1051 est,
812 996 850 1037 ex
864 974 985 1061 quibus
1001 973 1065 1037 sint
1080 972 1289 1057 problemata,
1300 972 1333 1036 id
1349 984 1410 1051 est,

457 1097 531 1162 quae
546 1078 775 1162 propositiones
791 1099 830 1141 ex
845 1089 915 1141 arte
929 1075 1131 1141 deducantur
1145 1075 1177 1138 in
1199 1074 1408 1162 quaestionem

456 1175 576 1262 adjicit,
588 1179 697 1244 habita
712 1178 915 1245 distinctione
930 1176 1261 1264 praedicamentorum,
1273 1197 1313 1241 ex
1328 1200 1413 1262 quo-

455 1300 528 1343 rum
547 1294 662 1345 natura
683 1296 790 1345 manat
812 1281 894 1346 ratio
916 1280 1143 1366 quaestionum.
1189 1280 1304 1365 Neque
1325 1277 1409 1341 enim

457 1379 499 1443 ad
525 1382 631 1445 omnia
656 1405 731 1469 quae
752 1382 854 1468 quaeri
877 1394 1022 1467 possunt,
1044 1381 1193 1468 quoniam
1220 1402 1278 1443 nec
1302 1380 1411 1443 omnia

457 1502 597 1566 quaerere
611 1482 779 1567 prudentis
798 1496 858 1562 est,
873 1506 946 1548 suas
960 1483 1079 1547 formas
1099 1481 1259 1569 applicat:
1290 1480 1345 1545 scd
1366 1480 1410 1545 ad

456 1604 505 1659 ea,
521 1604 594 1670 quae
614 1584 712 1671 digna
733 1588 875 1671 quaesitu
891 1598 977 1662 sunt,
993 1599 1025 1651 et
1047 1585 1185 1671 cognita,
1200 1583 1322 1669 aliquid
1336 1605 1411 1647 con-

457 1682 577 1751 ferunt.
622 1687 775 1765 Quolibet
803 1710 941 1774 namque
962 1688 1142 1774 proferente
1167 1683 1324 1751 contraria
1342 1684 1411 1769 opi-

456 1785 616 1865 nionibus,
632 1802 688 1854 aut
708 1789 959 1877 contemptibilia
984 1787 1148 1875 quaelibet,
1164 1784 1410 1871 contemptibili·

457 1900 569 1974 terque
584 1890 774 1975 inquirente,
789 1891 952 1957 sollicitari
967 1914 1029 1955 oon
1045 1888 1185 1976 expedit.
1229 1887 1317 1965 Quia
1331 1909 1410 1972 ergo

456 1992 539 2055 ratio
567 1992 899 2077 praedicamentorum,
931 2006 989 2056 aut
1018 1994 1148 2077 majora,
1177 2003 1233 2055 aut
1272 1990 1410 2075 aequalia

456 2089 609 2172 praedicat
640 2092 681 2155 de
713 2091 878 2175 subjectis,
906 2090 1140 2174 problematum
1171 2090 1408 2156 dialecticorum

454 2187 719 2275 quadripartitam
735 2190 827 2256 docet
841 2214 909 2255 esse
930 2206 1087 2255 naturam.
1132 2192 1212 2256 Vult
1231 2191 1314 2255 enim
1333 2191 1407 2274 (etsi

454 2287 495 2352 de
510 2288 569 2353 hoc
590 2292 703 2375 possit,
719 2306 756 2356 ut
778 2291 820 2356 de
841 2294 964 2357 caeteris
985 2291 1138 2367 articulis,
1153 2292 1324 2377 disputari)
1349 2292 1407 2357 ubi

453 2390 494 2454 de
523 2392 633 2475 majori
663 2406 695 2457 et
729 2394 931 2459 substantiali
969 2393 1137 2479 quaeritur,
1165 2392 1407 2479 inquisitionem

451 2493 577 2577 generis
591 2516 673 2559 esse:
697 2496 722 2559 si
738 2494 778 2560 de
791 2495 860 2581 pari
880 2506 914 2559 et
935 2494 1135 2560 substantiali
1155 2492 1342 2577 ambigitur,
1364 2494 1408 2559 de

453 2592 636 2659 definitione
658 2596 727 2662 lieri
750 2596 967 2683 quaestionem.
1011 2596 1104 2675 Quod
1127 2597 1152 2660 si
1175 2596 1216 2660 dc
1237 2596 1350 2683 majori
1372 2612 1406 2662 et

452 2692 639 2762 accidentali
651 2696 829 2777 dubitatur,
841 2697 881 2762 ds
896 2697 1076 2762 accidente:
1100 2698 1127 2761 si
1143 2697 1183 2761 de
1198 2697 1267 2783 pari
1282 2709 1315 2761 et
1326 2698 1407 2762 acci-

451 2794 583 2875 dentali,
598 2798 638 2863 dc
654 2800 784 2887 proprio
803 2812 928 2865 constat
949 2800 1078 2887 inquiri.
1125 2800 1243 2864 Verum
1264 2800 1342 2885 quia
1363 2797 1404 2862 de

452 2895 559 2983 aliquo
583 2902 739 2987 quoerenti
761 2901 851 2987 quid,
875 2915 932 2966 aut
957 2915 1125 2991 quantum,
1149 2913 1207 2965 aut
1231 2899 1327 2986 quale
1352 2899 1404 2978 sit,

452 3000 558 3065 minus
575 3003 719 3091 subjecto
730 3026 793 3068 non
805 3003 924 3069 dicitur
935 3018 1030 3081 recte,
1042 3026 1099 3068 nec
1111 3005 1216 3069 minus
1227 3000 1405 3087 praedicari,

451 3128 508 3169 nec
520 3105 560 3168 de
572 3105 685 3169 minori
701 3108 838 3191 quaestio
849 3129 916 3170 esse
928 3118 1133 3171 monstratur.
1172 3102 1310 3168 Proinde
1322 3102 1402 3186 quid

450 3229 552 3291 genus
566 3220 622 3271 aut
640 3205 795 3286 definitio,
810 3207 889 3292 quid
910 3206 1055 3271 accidens
1075 3210 1127 3284 sit,
1140 3219 1199 3269 aut
1222 3204 1402 3290 proprium,

450 3308 542 3371 docet
569 3306 662 3391 longe
687 3307 883 3371 commodius
910 3307 959 3384 iis,
987 3309 1042 3393 qui
1069 3307 1100 3370 iu
1129 3306 1321 3391 Porphyrio,
1344 3320 1402 3369 aut

450 3407 616 3492 categoriis
645 3405 865 3492 explanandis,
895 3406 1013 3491 singuli
1044 3406 1206 3470 volumina
1236 3405 1338 3471 multa
1370 3422 1403 3472 et

451 3530 568 3595 magna
589 3506 803 3571 conscribunt.
851 3508 889 3571 In
915 3506 1080 3570 consilium
1105 3504 1235 3569 illorum
1262 3526 1323 3567 non
1350 3529 1405 3570 ve·

370 3656 374 3665 -
449 3613 516 3675 niat
530 3609 636 3675 anima
651 3630 730 3689 mea,
747 3630 803 3672 nec
826 3607 943 3694 aliquis
966 3607 1139 3670 amicorum
1157 3626 1299 3669 meorum
1319 3628 1403 3691 prae·

451 3711 633 3799 captoribus
658 3711 709 3775 his
735 3722 856 3775 utatur.
903 3709 958 3773 Ad
983 3710 1063 3788 haec,
1085 3707 1164 3794 quid
1190 3706 1346 3782 inductio,
1370 3727 1403 3774 et

450 3814 505 3877 ubi
528 3833 566 3875 aa
589 3814 638 3875 uti
658 3810 816 3897 expediat,
833 3822 865 3874 et
888 3811 1038 3896 quotiens
1058 3808 1185 3875 dicatur
1205 3807 1402 3896 oppositum,

449 3913 538 3991 dicit,
552 3924 584 3976 et
598 3909 737 3996 qualiter
752 3923 899 3997 oporteat
914 3910 1015 3975 dividi
1030 3932 1068 3975 ea
1078 3932 1213 3997 quorum
1230 3910 1399 3994 multiplex

449 4026 497 4079 est
512 4009 709 4096 significatio.
752 4010 917 4096 Siquidem
928 4010 968 4074 ad
985 4010 1088 4076 multa
1098 4011 1239 4096 prodest,
1254 4007 1305 4073 vel
1319 4006 1402 4075 illud

447 4140 550 4198 nosse,
561 4114 646 4204 quod
663 4112 873 4199 aequivocatio
887 4136 993 4201 neque
1007 4114 1286 4198 comparationem,
1298 4134 1402 4199 neque

446 4238 614 4285 numerum
631 4214 785 4301 pluralem
806 4213 959 4289 admittit,
984 4227 1020 4279 ut
1042 4215 1236 4301 conjunctim
1256 4212 1398 4298 colligat,

445 4320 533 4408 quod
558 4319 684 4385 divisim
710 4320 852 4401 positum
879 4332 936 4381 est.
982 4320 1065 4381 Nam
1092 4339 1164 4390 vox,
1187 4330 1221 4381 ct
1244 4315 1395 4399 angulus,

445 4436 501 4488 aut
518 4420 677 4501 cultellus,
692 4442 892 4509 nequaquam
909 4417 1061 4483 dicuntur
1076 4432 1181 4496 acuta,
1194 4416 1243 4481 vel
1258 4417 1396 4481 alterurn
