<?xml version="1.0" encoding="UTF-8"?>
<!DOCTYPE html PUBLIC "-//W3C//DTD XHTML 1.0 Transitional//EN"
    "http://www.w3.org/TR/xhtml1/DTD/xhtml1-transitional.dtd">
<html xmlns="http://www.w3.org/1999/xhtml" xml:lang="en" lang="en">
 <head>
  <title>
</title>
<meta http-equiv="Content-Type" content="text/html;charset=utf-8" />
  <meta name='ocr-system' content='tesseract 3.04.00' />
  <meta name='ocr-capabilities' content='ocr_page ocr_carea ocr_par ocr_line ocrx_word'/>
</head>
<body>
  <div class='ocr_page' id='page_1' title='image "./joannissaresber13johngoog_0359.png"; bbox 0 0 3625 5317; ppageno 0'>
   <div class='ocr_carea' id='block_1_1' title="bbox 723 810 1378 870">
    <p class='ocr_par' dir='ltr' id='par_1_1' title="bbox 723 810 1378 870">
     <span class='ocr_line' id='line_1_1' title="bbox 723 810 1378 870; baseline 0 -6"><span class='ocrx_word' id='word_1_1' title='bbox 723 821 800 866; x_wconf 70' lang='lat' dir='ltr'>vrrs</span> <span class='ocrx_word' id='word_1_2' title='bbox 817 818 935 866; x_wconf 75' lang='lat' dir='ltr'>sanem</span> <span class='ocrx_word' id='word_1_3' title='bbox 951 819 1109 868; x_wconf 76' lang='lat' dir='ltr'>tunnam.</span> <span class='ocrx_word' id='word_1_4' title='bbox 1312 810 1378 870; x_wconf 69' lang='lat' dir='ltr'>tt?</span> 
     </span>
    </p>
   </div>
   <div class='ocr_carea' id='block_1_2' title="bbox 422 968 1382 1159">
    <p class='ocr_par' dir='ltr' id='par_1_2' title="bbox 422 968 1382 1159">
     <span class='ocr_line' id='line_1_2' title="bbox 426 968 1382 1060; baseline 0.006 -27"><span class='ocrx_word' id='word_1_5' title='bbox 426 968 494 1034; x_wconf 85' lang='lat' dir='ltr'>Ubi</span> <span class='ocrx_word' id='word_1_6' title='bbox 510 968 552 1033; x_wconf 90' lang='lat' dir='ltr'>ab</span> <span class='ocrx_word' id='word_1_7' title='bbox 567 990 609 1034; x_wconf 87' lang='lat' dir='ltr'>eo</span> <span class='ocrx_word' id='word_1_8' title='bbox 623 969 672 1036; x_wconf 84' lang='lat' dir='ltr'>vir</span> <span class='ocrx_word' id='word_1_9' title='bbox 687 968 812 1053; x_wconf 82' lang='lat' dir='ltr'>Anglus</span> <span class='ocrx_word' id='word_1_10' title='bbox 834 969 952 1036; x_wconf 86' lang='lat' dir='ltr'>nobilis</span> <span class='ocrx_word' id='word_1_11' title='bbox 967 980 1001 1034; x_wconf 89' lang='lat' dir='ltr'>et</span> <span class='ocrx_word' id='word_1_12' title='bbox 1022 969 1122 1049; x_wconf 80' lang='lat' dir='ltr'>dives,</span> <span class='ocrx_word' id='word_1_13' title='bbox 1136 972 1226 1057; x_wconf 82' lang='lat' dir='ltr'>gravi</span> <span class='ocrx_word' id='word_1_14' title='bbox 1240 973 1382 1060; x_wconf 86' lang='lat' dir='ltr'>corporis</span> 
     </span>
     <span class='ocr_line' id='line_1_3' title="bbox 422 1069 1382 1159; baseline 0.007 -25"><span class='ocrx_word' id='word_1_15' title='bbox 422 1069 609 1136; x_wconf 81' lang='lat' dir='ltr'>infirmitate</span> <span class='ocrx_word' id='word_1_16' title='bbox 630 1093 808 1157; x_wconf 86' lang='lat' dir='ltr'>percussus,</span> <span class='ocrx_word' id='word_1_17' title='bbox 824 1081 937 1156; x_wconf 86' lang='lat' dir='ltr'>petens</span> <span class='ocrx_word' id='word_1_18' title='bbox 951 1071 994 1137; x_wconf 88' lang='lat' dir='ltr'>ab</span> <span class='ocrx_word' id='word_1_19' title='bbox 1008 1095 1048 1136; x_wconf 86' lang='lat' dir='ltr'>eo</span> <span class='ocrx_word' id='word_1_20' title='bbox 1062 1095 1120 1159; x_wconf 88' lang='lat' dir='ltr'>per</span> <span class='ocrx_word' id='word_1_21' title='bbox 1134 1074 1267 1139; x_wconf 88' lang='lat' dir='ltr'>nuncios</span> <span class='ocrx_word' id='word_1_22' title='bbox 1282 1075 1382 1141; x_wconf 88' lang='lat' dir='ltr'>bene-</span> 
     </span>
    </p>
   </div>
   <div class='ocr_carea' id='block_1_3' title="bbox 425 1174 1429 4504">
    <p class='ocr_par' dir='ltr' id='par_1_3' title="bbox 425 1174 1429 3598">
     <span class='ocr_line' id='line_1_4' title="bbox 426 1174 1380 1262; baseline 0.004 -22"><span class='ocrx_word' id='word_1_23' title='bbox 426 1174 549 1240; x_wconf 88' lang='lat' dir='ltr'>dictum</span> <span class='ocrx_word' id='word_1_24' title='bbox 572 1183 606 1240; x_wconf 89' lang='lat' dir='ltr'>et</span> <span class='ocrx_word' id='word_1_25' title='bbox 627 1175 787 1262; x_wconf 88' lang='lat' dir='ltr'>accipiens</span> <span class='ocrx_word' id='word_1_26' title='bbox 812 1195 944 1261; x_wconf 81' lang='lat' dir='ltr'>panem,</span> <span class='ocrx_word' id='word_1_27' title='bbox 967 1177 1143 1242; x_wconf 88' lang='lat' dir='ltr'>secundum</span> <span class='ocrx_word' id='word_1_28' title='bbox 1168 1177 1267 1242; x_wconf 87' lang='lat' dir='ltr'>fidem</span> <span class='ocrx_word' id='word_1_29' title='bbox 1288 1200 1380 1244; x_wconf 87' lang='lat' dir='ltr'>suem</span> 
     </span>
     <span class='ocr_line' id='line_1_5' title="bbox 425 1276 1386 1365; baseline 0.002 -25"><span class='ocrx_word' id='word_1_30' title='bbox 425 1288 552 1342; x_wconf 88' lang='lat' dir='ltr'>curatus</span> <span class='ocrx_word' id='word_1_31' title='bbox 567 1287 631 1342; x_wconf 86' lang='lat' dir='ltr'>est.</span> <span class='ocrx_word' id='word_1_32' title='bbox 677 1276 749 1342; x_wconf 82' lang='lat' dir='ltr'>Rex</span> <span class='ocrx_word' id='word_1_33' title='bbox 763 1276 893 1342; x_wconf 90' lang='lat' dir='ltr'>interim</span> <span class='ocrx_word' id='word_1_34' title='bbox 909 1276 942 1340; x_wconf 93' lang='lat' dir='ltr'>in</span> <span class='ocrx_word' id='word_1_35' title='bbox 960 1276 1159 1344; x_wconf 86' lang='lat' dir='ltr'>Normannia</span> <span class='ocrx_word' id='word_1_36' title='bbox 1173 1279 1294 1365; x_wconf 83' lang='lat' dir='ltr'>degens</span> <span class='ocrx_word' id='word_1_37' title='bbox 1309 1303 1386 1346; x_wconf 85' lang='lat' dir='ltr'>con.</span> 
     </span>
     <span class='ocr_line' id='line_1_6' title="bbox 427 1377 1384 1467; baseline 0.006 -25"><span class='ocrx_word' id='word_1_38' title='bbox 427 1378 606 1462; x_wconf 78' lang='lat' dir='ltr'><strong>gratulatur</strong></span> <span class='ocrx_word' id='word_1_39' title='bbox 621 1377 712 1464; x_wconf 80' lang='lat' dir='ltr'>paci3</span> <span class='ocrx_word' id='word_1_40' title='bbox 733 1378 852 1462; x_wconf 87' lang='lat' dir='ltr'>etjam</span> <span class='ocrx_word' id='word_1_41' title='bbox 873 1377 1073 1444; x_wconf 88' lang='lat' dir='ltr'>dissimulare</span> <span class='ocrx_word' id='word_1_42' title='bbox 1093 1403 1156 1444; x_wconf 90' lang='lat' dir='ltr'>non</span> <span class='ocrx_word' id='word_1_43' title='bbox 1177 1393 1292 1467; x_wconf 88' lang='lat' dir='ltr'>potest,</span> <span class='ocrx_word' id='word_1_44' title='bbox 1307 1405 1384 1448; x_wconf 92' lang='lat' dir='ltr'>con·</span> 
     </span>
     <span class='ocr_line' id='line_1_7' title="bbox 427 1476 1429 1568; baseline 0.005 -26"><span class='ocrx_word' id='word_1_45' title='bbox 427 1479 530 1542; x_wconf 83' lang='lat' dir='ltr'>fidens</span> <span class='ocrx_word' id='word_1_46' title='bbox 545 1477 606 1543; x_wconf 90' lang='lat' dir='ltr'>sibi</span> <span class='ocrx_word' id='word_1_47' title='bbox 629 1477 806 1541; x_wconf 92' lang='lat' dir='ltr'>Dominum</span> <span class='ocrx_word' id='word_1_48' title='bbox 830 1499 871 1541; x_wconf 83' lang='lat' dir='ltr'>ex</span> <span class='ocrx_word' id='word_1_49' title='bbox 891 1476 952 1542; x_wconf 91' lang='lat' dir='ltr'>hoc</span> <span class='ocrx_word' id='word_1_50' title='bbox 972 1499 1041 1544; x_wconf 85' lang='lat' dir='ltr'>esse</span> <span class='ocrx_word' id='word_1_51' title='bbox 1062 1479 1233 1564; x_wconf 89' lang='lat' dir='ltr'>placatum,</span> <span class='ocrx_word' id='word_1_52' title='bbox 1247 1481 1334 1568; x_wconf 91' lang='lat' dir='ltr'>quod</span> <span class='ocrx_word' id='word_1_53' title='bbox 1349 1483 1384 1547; x_wconf 91' lang='lat' dir='ltr'>iu</span> <span class='ocrx_word' id='word_1_54' title='bbox 1426 1514 1429 1520; x_wconf 91' lang='lat'>·</span> 
     </span>
     <span class='ocr_line' id='line_1_8' title="bbox 428 1579 1386 1668; baseline 0.004 -24"><span class='ocrx_word' id='word_1_55' title='bbox 428 1602 537 1644; x_wconf 84' lang='lat' dir='ltr'>veram</span> <span class='ocrx_word' id='word_1_56' title='bbox 564 1589 598 1645; x_wconf 88' lang='lat' dir='ltr'>et</span> <span class='ocrx_word' id='word_1_57' title='bbox 622 1579 748 1645; x_wconf 85' lang='lat' dir='ltr'>firmam</span> <span class='ocrx_word' id='word_1_58' title='bbox 775 1579 950 1644; x_wconf 81' lang='lat' dir='ltr'><strong>amicitiam</strong></span> <span class='ocrx_word' id='word_1_59' title='bbox 973 1581 1112 1645; x_wconf 88' lang='lat' dir='ltr'>amicum</span> <span class='ocrx_word' id='word_1_60' title='bbox 1136 1581 1206 1666; x_wconf 89' lang='lat' dir='ltr'>ejus</span> <span class='ocrx_word' id='word_1_61' title='bbox 1229 1583 1386 1668; x_wconf 73' lang='lat' dir='ltr'>receperit</span> 
     </span>
     <span class='ocr_line' id='line_1_9' title="bbox 430 1681 1384 1750; baseline 0.002 -2"><span class='ocrx_word' id='word_1_62' title='bbox 430 1682 632 1748; x_wconf 86' lang='lat' dir='ltr'>Anselmum.</span> <span class='ocrx_word' id='word_1_63' title='bbox 680 1681 778 1746; x_wconf 88' lang='lat' dir='ltr'>Unde</span> <span class='ocrx_word' id='word_1_64' title='bbox 794 1681 853 1746; x_wconf 90' lang='lat' dir='ltr'>sibi</span> <span class='ocrx_word' id='word_1_65' title='bbox 870 1681 902 1745; x_wconf 91' lang='lat' dir='ltr'>in</span> <span class='ocrx_word' id='word_1_66' title='bbox 919 1682 1009 1746; x_wconf 86' lang='lat' dir='ltr'>brevi</span> <span class='ocrx_word' id='word_1_67' title='bbox 1029 1694 1129 1748; x_wconf 87' lang='lat' dir='ltr'>totam</span> <span class='ocrx_word' id='word_1_68' title='bbox 1152 1681 1384 1750; x_wconf 79' lang='lat' dir='ltr'>Normanniam</span> 
     </span>
     <span class='ocr_line' id='line_1_10' title="bbox 430 1783 1385 1870; baseline 0.002 -21"><span class='ocrx_word' id='word_1_69' title='bbox 430 1796 463 1849; x_wconf 87' lang='lat' dir='ltr'>et</span> <span class='ocrx_word' id='word_1_70' title='bbox 478 1783 682 1870; x_wconf 80' lang='lat' dir='ltr'>repromittit,</span> <span class='ocrx_word' id='word_1_71' title='bbox 698 1783 878 1870; x_wconf 86' lang='lat' dir='ltr'>etquidem</span> <span class='ocrx_word' id='word_1_72' title='bbox 901 1806 966 1849; x_wconf 88' lang='lat' dir='ltr'>nou</span> <span class='ocrx_word' id='word_1_73' title='bbox 982 1784 1106 1851; x_wconf 84' lang='lat' dir='ltr'>frustra.</span> <span class='ocrx_word' id='word_1_74' title='bbox 1153 1785 1237 1849; x_wconf 88' lang='lat' dir='ltr'>Nam</span> <span class='ocrx_word' id='word_1_75' title='bbox 1253 1785 1385 1852; x_wconf 81' lang='lat' dir='ltr'>fratrem</span> 
     </span>
     <span class='ocr_line' id='line_1_11' title="bbox 430 1886 1386 1974; baseline 0.001 -23"><span class='ocrx_word' id='word_1_76' title='bbox 430 1908 523 1952; x_wconf 89' lang='lat' dir='ltr'>suum</span> <span class='ocrx_word' id='word_1_77' title='bbox 539 1896 573 1950; x_wconf 86' lang='lat' dir='ltr'>et</span> <span class='ocrx_word' id='word_1_78' title='bbox 588 1886 726 1950; x_wconf 76' lang='lat' dir='ltr'>fautores</span> <span class='ocrx_word' id='word_1_79' title='bbox 741 1886 810 1973; x_wconf 88' lang='lat' dir='ltr'>ejus</span> <span class='ocrx_word' id='word_1_80' title='bbox 821 1896 967 1953; x_wconf 91' lang='lat' dir='ltr'>conserto</span> <span class='ocrx_word' id='word_1_81' title='bbox 982 1887 1093 1974; x_wconf 78' lang='lat' dir='ltr'>praelio</span> <span class='ocrx_word' id='word_1_82' title='bbox 1107 1886 1231 1952; x_wconf 85' lang='lat' dir='ltr'>solenni</span> <span class='ocrx_word' id='word_1_83' title='bbox 1246 1887 1386 1953; x_wconf 83' lang='lat' dir='ltr'>coniecit</span> 
     </span>
     <span class='ocr_line' id='line_1_12' title="bbox 429 1987 1383 2074; baseline 0 -21"><span class='ocrx_word' id='word_1_84' title='bbox 429 1999 463 2053; x_wconf 89' lang='lat' dir='ltr'>et</span> <span class='ocrx_word' id='word_1_85' title='bbox 493 1989 598 2074; x_wconf 89' lang='lat' dir='ltr'>coepit.</span> <span class='ocrx_word' id='word_1_86' title='bbox 644 1989 751 2063; x_wconf 87' lang='lat' dir='ltr'>Quam</span> <span class='ocrx_word' id='word_1_87' title='bbox 780 1987 945 2052; x_wconf 85' lang='lat' dir='ltr'>victoriam</span> <span class='ocrx_word' id='word_1_88' title='bbox 976 1999 1099 2067; x_wconf 89' lang='lat' dir='ltr'>nactus,</span> <span class='ocrx_word' id='word_1_89' title='bbox 1129 2010 1187 2074; x_wconf 87' lang='lat' dir='ltr'>per</span> <span class='ocrx_word' id='word_1_90' title='bbox 1217 1988 1383 2074; x_wconf 89' lang='lat' dir='ltr'>epistolam</span> 
     </span>
     <span class='ocr_line' id='line_1_13' title="bbox 431 2089 1385 2177; baseline 0.002 -23"><span class='ocrx_word' id='word_1_91' title='bbox 431 2089 678 2155; x_wconf 83' lang='lat' dir='ltr'>communicavit</span> <span class='ocrx_word' id='word_1_92' title='bbox 702 2089 877 2169; x_wconf 78' lang='lat' dir='ltr'>Anselm03</span> <span class='ocrx_word' id='word_1_93' title='bbox 903 2112 979 2177; x_wconf 83' lang='lat' dir='ltr'>quae</span> <span class='ocrx_word' id='word_1_94' title='bbox 1001 2090 1124 2155; x_wconf 89' lang='lat' dir='ltr'>meritis</span> <span class='ocrx_word' id='word_1_95' title='bbox 1146 2091 1325 2156; x_wconf 76' lang='lat' dir='ltr'>concordiae</span> <span class='ocrx_word' id='word_1_96' title='bbox 1351 2103 1385 2156; x_wconf 92' lang='lat' dir='ltr'>et</span> 
     </span>
     <span class='ocr_line' id='line_1_14' title="bbox 432 2191 1387 2280; baseline 0.002 -25"><span class='ocrx_word' id='word_1_97' title='bbox 432 2191 519 2280; x_wconf 88' lang='lat' dir='ltr'>pacis</span> <span class='ocrx_word' id='word_1_98' title='bbox 533 2191 618 2256; x_wconf 90' lang='lat' dir='ltr'>inter</span> <span class='ocrx_word' id='word_1_99' title='bbox 632 2213 686 2257; x_wconf 88' lang='lat' dir='ltr'>eos</span> <span class='ocrx_word' id='word_1_100' title='bbox 696 2191 878 2255; x_wconf 75' lang='lat' dir='ltr'>reformatae</span> <span class='ocrx_word' id='word_1_101' title='bbox 893 2191 1119 2256; x_wconf 75' lang='lat' dir='ltr'>ascribebatur.</span> <span class='ocrx_word' id='word_1_102' title='bbox 1150 2191 1261 2267; x_wconf 87' lang='lat' dir='ltr'>Quum</span> <span class='ocrx_word' id='word_1_103' title='bbox 1277 2204 1387 2257; x_wconf 89' lang='lat' dir='ltr'>antem</span> 
     </span>
     <span class='ocr_line' id='line_1_15' title="bbox 432 2293 1388 2381; baseline 0.001 -23"><span class='ocrx_word' id='word_1_104' title='bbox 432 2295 465 2358; x_wconf 89' lang='lat' dir='ltr'>in</span> <span class='ocrx_word' id='word_1_105' title='bbox 475 2294 619 2359; x_wconf 84' lang='lat' dir='ltr'>kalendis</span> <span class='ocrx_word' id='word_1_106' title='bbox 631 2293 769 2378; x_wconf 86' lang='lat' dir='ltr'>Augusti</span> <span class='ocrx_word' id='word_1_107' title='bbox 780 2315 835 2358; x_wconf 87' lang='lat' dir='ltr'>rex</span> <span class='ocrx_word' id='word_1_108' title='bbox 844 2305 878 2359; x_wconf 90' lang='lat' dir='ltr'>et</span> <span class='ocrx_word' id='word_1_109' title='bbox 888 2293 1143 2381; x_wconf 86' lang='lat' dir='ltr'>archiepiscopus</span> <span class='ocrx_word' id='word_1_110' title='bbox 1154 2294 1388 2375; x_wconf 82' lang='lat' dir='ltr'>convenissent,</span> 
     </span>
     <span class='ocr_line' id='line_1_16' title="bbox 434 2395 1387 2484; baseline -0.002 -22"><span class='ocrx_word' id='word_1_111' title='bbox 434 2397 614 2484; x_wconf 89' lang='lat' dir='ltr'>triumphus</span> <span class='ocrx_word' id='word_1_112' title='bbox 625 2396 770 2462; x_wconf 77' lang='lat' dir='ltr'>ecclesiae</span> <span class='ocrx_word' id='word_1_113' title='bbox 781 2396 930 2461; x_wconf 91' lang='lat' dir='ltr'>omnibus</span> <span class='ocrx_word' id='word_1_114' title='bbox 944 2397 1062 2482; x_wconf 83' lang='lat' dir='ltr'>patuit3</span> <span class='ocrx_word' id='word_1_115' title='bbox 1081 2418 1156 2483; x_wconf 80' lang='lat' dir='ltr'>rege</span> <span class='ocrx_word' id='word_1_116' title='bbox 1166 2395 1387 2462; x_wconf 76' lang='lat' dir='ltr'>investituram</span> 
     </span>
     <span class='ocr_line' id='line_1_17' title="bbox 435 2497 1389 2586; baseline 0.002 -25"><span class='ocrx_word' id='word_1_117' title='bbox 435 2497 641 2563; x_wconf 84' lang='lat' dir='ltr'>ecclesiarum</span> <span class='ocrx_word' id='word_1_118' title='bbox 656 2497 763 2586; x_wconf 89' lang='lat' dir='ltr'>palam</span> <span class='ocrx_word' id='word_1_119' title='bbox 786 2499 921 2564; x_wconf 86' lang='lat' dir='ltr'>cedente</span> <span class='ocrx_word' id='word_1_120' title='bbox 944 2509 978 2562; x_wconf 90' lang='lat' dir='ltr'>et</span> <span class='ocrx_word' id='word_1_121' title='bbox 1000 2497 1196 2563; x_wconf 87' lang='lat' dir='ltr'>concedente</span> <span class='ocrx_word' id='word_1_122' title='bbox 1216 2497 1389 2584; x_wconf 89' lang='lat' dir='ltr'>archiepis·</span> 
     </span>
     <span class='ocr_line' id='line_1_18' title="bbox 435 2600 1388 2687; baseline 0 -23"><span class='ocrx_word' id='word_1_123' title='bbox 435 2620 525 2686; x_wconf 89' lang='lat' dir='ltr'>copo,</span> <span class='ocrx_word' id='word_1_124' title='bbox 555 2621 616 2664; x_wconf 88' lang='lat' dir='ltr'>nec</span> <span class='ocrx_word' id='word_1_125' title='bbox 646 2600 769 2687; x_wconf 88' lang='lat' dir='ltr'>aliquid</span> <span class='ocrx_word' id='word_1_126' title='bbox 799 2600 988 2666; x_wconf 83' lang='lat' dir='ltr'>vendicante</span> <span class='ocrx_word' id='word_1_127' title='bbox 1023 2600 1057 2662; x_wconf 92' lang='lat' dir='ltr'>in</span> <span class='ocrx_word' id='word_1_128' title='bbox 1087 2601 1297 2665; x_wconf 87' lang='lat' dir='ltr'>electionibus</span> <span class='ocrx_word' id='word_1_129' title='bbox 1325 2600 1388 2664; x_wconf 89' lang='lat' dir='ltr'>nisi</span> 
     </span>
     <span class='ocr_line' id='line_1_19' title="bbox 436 2700 1388 2786; baseline 0.002 -22"><span class='ocrx_word' id='word_1_130' title='bbox 436 2721 611 2776; x_wconf 82' lang='lat' dir='ltr'>assensum,</span> <span class='ocrx_word' id='word_1_131' title='bbox 645 2701 774 2786; x_wconf 87' lang='lat' dir='ltr'>qualem</span> <span class='ocrx_word' id='word_1_132' title='bbox 811 2701 891 2763; x_wconf 84' lang='lat' dir='ltr'>sacri</span> <span class='ocrx_word' id='word_1_133' title='bbox 929 2720 1066 2763; x_wconf 87' lang='lat' dir='ltr'>canones</span> <span class='ocrx_word' id='word_1_134' title='bbox 1101 2720 1166 2762; x_wconf 91' lang='lat' dir='ltr'>non</span> <span class='ocrx_word' id='word_1_135' title='bbox 1203 2700 1388 2768; x_wconf 84' lang='lat' dir='ltr'>excludunt.</span> 
     </span>
     <span class='ocr_line' id='line_1_20' title="bbox 437 2797 1390 2885; baseline 0.002 -21"><span class='ocrx_word' id='word_1_136' title='bbox 437 2799 554 2885; x_wconf 87' lang='lat' dir='ltr'>Neque</span> <span class='ocrx_word' id='word_1_137' title='bbox 569 2798 655 2863; x_wconf 90' lang='lat' dir='ltr'>enim</span> <span class='ocrx_word' id='word_1_138' title='bbox 672 2799 791 2882; x_wconf 85' lang='lat' dir='ltr'>eligere</span> <span class='ocrx_word' id='word_1_139' title='bbox 806 2821 867 2862; x_wconf 89' lang='lat' dir='ltr'>nec</span> <span class='ocrx_word' id='word_1_140' title='bbox 884 2797 971 2883; x_wconf 81' lang='lat' dir='ltr'>virga</span> <span class='ocrx_word' id='word_1_141' title='bbox 993 2798 1141 2885; x_wconf 85' lang='lat' dir='ltr'>pastorali</span> <span class='ocrx_word' id='word_1_142' title='bbox 1164 2799 1313 2864; x_wconf 76' lang='lat' dir='ltr'>investire</span> <span class='ocrx_word' id='word_1_143' title='bbox 1328 2801 1390 2866; x_wconf 88' lang='lat' dir='ltr'>sibi</span> 
     </span>
     <span class='ocr_line' id='line_1_21' title="bbox 436 2898 1389 2987; baseline 0.003 -23"><span class='ocrx_word' id='word_1_144' title='bbox 436 2922 494 2986; x_wconf 91' lang='lat' dir='ltr'>pro</span> <span class='ocrx_word' id='word_1_145' title='bbox 522 2921 612 2964; x_wconf 88' lang='lat' dir='ltr'>more</span> <span class='ocrx_word' id='word_1_146' title='bbox 638 2899 771 2985; x_wconf 90' lang='lat' dir='ltr'>antiqno</span> <span class='ocrx_word' id='word_1_147' title='bbox 797 2921 963 2985; x_wconf 82' lang='lat' dir='ltr'>usurpans,</span> <span class='ocrx_word' id='word_1_148' title='bbox 988 2898 1160 2984; x_wconf 86' lang='lat' dir='ltr'>procedere</span> <span class='ocrx_word' id='word_1_149' title='bbox 1186 2901 1330 2987; x_wconf 85' lang='lat' dir='ltr'>permisit</span> <span class='ocrx_word' id='word_1_150' title='bbox 1354 2903 1389 2967; x_wconf 91' lang='lat' dir='ltr'>in</span> 
     </span>
     <span class='ocr_line' id='line_1_22' title="bbox 436 3001 1392 3090; baseline 0.002 -23"><span class='ocrx_word' id='word_1_151' title='bbox 436 3001 641 3089; x_wconf 84' lang='lat' dir='ltr'>dispositione</span> <span class='ocrx_word' id='word_1_152' title='bbox 651 3001 857 3066; x_wconf 88' lang='lat' dir='ltr'>ecclesiarum</span> <span class='ocrx_word' id='word_1_153' title='bbox 868 3001 1036 3066; x_wconf 87' lang='lat' dir='ltr'>canonicas</span> <span class='ocrx_word' id='word_1_154' title='bbox 1044 3002 1226 3067; x_wconf 86' lang='lat' dir='ltr'>sententias.</span> <span class='ocrx_word' id='word_1_155' title='bbox 1259 3003 1392 3090; x_wconf 88' lang='lat' dir='ltr'>Scripsit</span> 
     </span>
     <span class='ocr_line' id='line_1_23' title="bbox 437 3101 1392 3170; baseline 0.002 -3"><span class='ocrx_word' id='word_1_156' title='bbox 437 3104 560 3169; x_wconf 86' lang='lat' dir='ltr'>interea</span> <span class='ocrx_word' id='word_1_157' title='bbox 589 3103 654 3168; x_wconf 88' lang='lat' dir='ltr'>Dei</span> <span class='ocrx_word' id='word_1_158' title='bbox 683 3102 822 3167; x_wconf 81' lang='lat' dir='ltr'>famulus</span> <span class='ocrx_word' id='word_1_159' title='bbox 851 3101 997 3167; x_wconf 88' lang='lat' dir='ltr'>libellum</span> <span class='ocrx_word' id='word_1_160' title='bbox 1028 3124 1128 3168; x_wconf 91' lang='lat' dir='ltr'>unum</span> <span class='ocrx_word' id='word_1_161' title='bbox 1155 3103 1197 3167; x_wconf 88' lang='lat' dir='ltr'>de</span> <span class='ocrx_word' id='word_1_162' title='bbox 1222 3104 1392 3170; x_wconf 88' lang='lat' dir='ltr'>concordia</span> 
     </span>
     <span class='ocr_line' id='line_1_24' title="bbox 437 3204 1392 3291; baseline 0.001 -21"><span class='ocrx_word' id='word_1_163' title='bbox 437 3206 660 3291; x_wconf 85' lang='lat' dir='ltr'>praescientioe,</span> <span class='ocrx_word' id='word_1_164' title='bbox 690 3204 978 3290; x_wconf 80' lang='lat' dir='ltr'>praedestinationis</span> <span class='ocrx_word' id='word_1_165' title='bbox 1014 3217 1048 3270; x_wconf 87' lang='lat' dir='ltr'>et</span> <span class='ocrx_word' id='word_1_166' title='bbox 1074 3205 1187 3290; x_wconf 82' lang='lat' dir='ltr'>gratiae</span> <span class='ocrx_word' id='word_1_167' title='bbox 1222 3206 1286 3270; x_wconf 88' lang='lat' dir='ltr'>Dei</span> <span class='ocrx_word' id='word_1_168' title='bbox 1316 3229 1392 3272; x_wconf 91' lang='lat' dir='ltr'>cnm</span> 
     </span>
     <span class='ocr_line' id='line_1_25' title="bbox 438 3306 1392 3395; baseline 0.006 -25"><span class='ocrx_word' id='word_1_169' title='bbox 438 3307 540 3371; x_wconf 89' lang='lat' dir='ltr'>libero</span> <span class='ocrx_word' id='word_1_170' title='bbox 560 3306 709 3384; x_wconf 88' lang='lat' dir='ltr'>arbitrio;</span> <span class='ocrx_word' id='word_1_171' title='bbox 739 3307 771 3371; x_wconf 90' lang='lat' dir='ltr'>in</span> <span class='ocrx_word' id='word_1_172' title='bbox 794 3320 992 3395; x_wconf 87' lang='lat' dir='ltr'>quocontra</span> <span class='ocrx_word' id='word_1_173' title='bbox 1013 3330 1136 3374; x_wconf 88' lang='lat' dir='ltr'>morem</span> <span class='ocrx_word' id='word_1_174' title='bbox 1159 3331 1282 3374; x_wconf 87' lang='lat' dir='ltr'>moram</span> <span class='ocrx_word' id='word_1_175' title='bbox 1305 3311 1392 3389; x_wconf 84' lang='lat' dir='ltr'>lecit,</span> 
     </span>
     <span class='ocr_line' id='line_1_26' title="bbox 440 3407 1394 3499; baseline 0.008 -28"><span class='ocrx_word' id='word_1_176' title='bbox 440 3408 516 3494; x_wconf 93' lang='lat' dir='ltr'>quia</span> <span class='ocrx_word' id='word_1_177' title='bbox 530 3429 661 3494; x_wconf 86' lang='lat' dir='ltr'>corpore</span> <span class='ocrx_word' id='word_1_178' title='bbox 674 3407 853 3474; x_wconf 85' lang='lat' dir='ltr'>infirmatus</span> <span class='ocrx_word' id='word_1_179' title='bbox 874 3421 956 3488; x_wconf 82' lang='lat' dir='ltr'>erat3</span> <span class='ocrx_word' id='word_1_180' title='bbox 979 3421 1016 3474; x_wconf 88' lang='lat' dir='ltr'>ut</span> <span class='ocrx_word' id='word_1_181' title='bbox 1031 3433 1094 3476; x_wconf 93' lang='lat' dir='ltr'>non</span> <span class='ocrx_word' id='word_1_182' title='bbox 1110 3433 1195 3499; x_wconf 88' lang='lat' dir='ltr'>equo</span> <span class='ocrx_word' id='word_1_183' title='bbox 1208 3411 1265 3476; x_wconf 85' lang='lat' dir='ltr'>sed</span> <span class='ocrx_word' id='word_1_184' title='bbox 1279 3411 1394 3479; x_wconf 76' lang='lat' dir='ltr'>lectica</span> 
     </span>
     <span class='ocr_line' id='line_1_27' title="bbox 440 3509 1202 3598; baseline 0.005 -24"><span class='ocrx_word' id='word_1_185' title='bbox 440 3511 481 3574; x_wconf 84' lang='lat' dir='ltr'>de</span> <span class='ocrx_word' id='word_1_186' title='bbox 496 3510 566 3575; x_wconf 91' lang='lat' dir='ltr'>loco</span> <span class='ocrx_word' id='word_1_187' title='bbox 581 3510 623 3575; x_wconf 91' lang='lat' dir='ltr'>ad</span> <span class='ocrx_word' id='word_1_188' title='bbox 637 3509 743 3574; x_wconf 88' lang='lat' dir='ltr'>locum</span> <span class='ocrx_word' id='word_1_189' title='bbox 758 3533 886 3598; x_wconf 89' lang='lat' dir='ltr'>semper</span> <span class='ocrx_word' id='word_1_190' title='bbox 900 3523 1010 3598; x_wconf 87' lang='lat' dir='ltr'>postea</span> <span class='ocrx_word' id='word_1_191' title='bbox 1024 3512 1202 3579; x_wconf 81' lang='lat' dir='ltr'>veheretur.</span> 
     </span>
    </p>

    <p class='ocr_par' dir='ltr' id='par_1_4' title="bbox 443 3609 1400 4504">
     <span class='ocr_line' id='line_1_28' title="bbox 485 3609 1395 3696; baseline 0.004 -22"><span class='ocrx_word' id='word_1_192' title='bbox 485 3610 596 3684; x_wconf 87' lang='lat' dir='ltr'>Quum</span> <span class='ocrx_word' id='word_1_193' title='bbox 619 3609 728 3696; x_wconf 88' lang='lat' dir='ltr'>itaque</span> <span class='ocrx_word' id='word_1_194' title='bbox 748 3609 820 3674; x_wconf 86' lang='lat' dir='ltr'>finis</span> <span class='ocrx_word' id='word_1_195' title='bbox 842 3610 912 3695; x_wconf 87' lang='lat' dir='ltr'>ejus</span> <span class='ocrx_word' id='word_1_196' title='bbox 935 3610 1222 3696; x_wconf 79' lang='lat' dir='ltr'>appropinquaret3</span> <span class='ocrx_word' id='word_1_197' title='bbox 1249 3609 1395 3678; x_wconf 80' lang='lat' dir='ltr'>Thomas</span> 
     </span>
     <span class='ocr_line' id='line_1_29' title="bbox 443 3709 1395 3799; baseline -0.003 -24"><span class='ocrx_word' id='word_1_198' title='bbox 443 3711 654 3776; x_wconf 86' lang='lat' dir='ltr'>Eboracensis</span> <span class='ocrx_word' id='word_1_199' title='bbox 671 3711 782 3798; x_wconf 87' lang='lat' dir='ltr'>junior</span> <span class='ocrx_word' id='word_1_200' title='bbox 798 3713 867 3799; x_wconf 86' lang='lat' dir='ltr'>jam</span> <span class='ocrx_word' id='word_1_201' title='bbox 891 3712 1024 3790; x_wconf 88' lang='lat' dir='ltr'>electus,</span> <span class='ocrx_word' id='word_1_202' title='bbox 1040 3723 1074 3776; x_wconf 89' lang='lat' dir='ltr'>et</span> <span class='ocrx_word' id='word_1_203' title='bbox 1093 3733 1113 3776; x_wconf 87' lang='lat' dir='ltr'>a</span> <span class='ocrx_word' id='word_1_204' title='bbox 1129 3709 1290 3777; x_wconf 87' lang='lat' dir='ltr'>Willelmo</span> <span class='ocrx_word' id='word_1_205' title='bbox 1307 3713 1395 3779; x_wconf 85' lang='lat' dir='ltr'>Win.</span> 
     </span>
     <span class='ocr_line' id='line_1_30' title="bbox 443 3810 1396 3903; baseline 0.003 -27"><span class='ocrx_word' id='word_1_206' title='bbox 443 3813 580 3878; x_wconf 88' lang='lat' dir='ltr'>toniensi</span> <span class='ocrx_word' id='word_1_207' title='bbox 595 3814 746 3900; x_wconf 88' lang='lat' dir='ltr'>episcopo</span> <span class='ocrx_word' id='word_1_208' title='bbox 768 3814 942 3879; x_wconf 88' lang='lat' dir='ltr'>mandante</span> <span class='ocrx_word' id='word_1_209' title='bbox 959 3810 1113 3877; x_wconf 87' lang='lat' dir='ltr'>Anselmo</span> <span class='ocrx_word' id='word_1_210' title='bbox 1132 3813 1297 3903; x_wconf 79' lang='lat' dir='ltr'>presbyter</span> <span class='ocrx_word' id='word_1_211' title='bbox 1310 3815 1396 3881; x_wconf 88' lang='lat' dir='ltr'>ordi-</span> 
     </span>
     <span class='ocr_line' id='line_1_31' title="bbox 443 3912 1396 4012; baseline 0.003 -36"><span class='ocrx_word' id='word_1_212' title='bbox 443 3922 547 3990; x_wconf 88' lang='lat' dir='ltr'>natus,</span> <span class='ocrx_word' id='word_1_213' title='bbox 563 3913 655 3976; x_wconf 86' lang='lat' dir='ltr'>finita</span> <span class='ocrx_word' id='word_1_214' title='bbox 669 3914 754 3978; x_wconf 87' lang='lat' dir='ltr'>inter</span> <span class='ocrx_word' id='word_1_215' title='bbox 774 3912 924 3978; x_wconf 85' lang='lat' dir='ltr'>ecclesias</span> <span class='ocrx_word' id='word_1_216' title='bbox 945 3912 1209 3978; x_wconf 79' lang='lat' dir='ltr'>cantuariensem</span> <span class='ocrx_word' id='word_1_217' title='bbox 1224 3926 1258 3977; x_wconf 92' lang='lat' dir='ltr'>et</span> <span class='ocrx_word' id='word_1_218' title='bbox 1273 3912 1396 4012; x_wconf 76' lang='lat' dir='ltr'>Ebpra·</span> 
     </span>
     <span class='ocr_line' id='line_1_32' title="bbox 443 4012 1397 4100; baseline 0.002 -22"><span class='ocrx_word' id='word_1_219' title='bbox 443 4035 570 4078; x_wconf 88' lang='lat' dir='ltr'>oensem</span> <span class='ocrx_word' id='word_1_220' title='bbox 590 4025 755 4099; x_wconf 87' lang='lat' dir='ltr'>coeperunt</span> <span class='ocrx_word' id='word_1_221' title='bbox 771 4015 879 4100; x_wconf 85' lang='lat' dir='ltr'>jurgia</span> <span class='ocrx_word' id='word_1_222' title='bbox 901 4014 1028 4079; x_wconf 85' lang='lat' dir='ltr'>instare.</span> <span class='ocrx_word' id='word_1_223' title='bbox 1074 4013 1121 4077; x_wconf 80' lang='lat' dir='ltr'>At</span> <span class='ocrx_word' id='word_1_224' title='bbox 1136 4012 1320 4094; x_wconf 70' lang='lat' dir='ltr'>domimus,</span> <span class='ocrx_word' id='word_1_225' title='bbox 1336 4015 1397 4080; x_wconf 91' lang='lat' dir='ltr'>etsi</span> 
     </span>
     <span class='ocr_line' id='line_1_33' title="bbox 444 4115 1398 4202; baseline 0 -20"><span class='ocrx_word' id='word_1_226' title='bbox 444 4115 483 4182; x_wconf 86' lang='lat' dir='ltr'>ad</span> <span class='ocrx_word' id='word_1_227' title='bbox 499 4137 660 4182; x_wconf 88' lang='lat' dir='ltr'>summum</span> <span class='ocrx_word' id='word_1_228' title='bbox 676 4137 807 4202; x_wconf 86' lang='lat' dir='ltr'>corpore</span> <span class='ocrx_word' id='word_1_229' title='bbox 828 4117 994 4201; x_wconf 84' lang='lat' dir='ltr'>languens,</span> <span class='ocrx_word' id='word_1_230' title='bbox 1009 4115 1126 4179; x_wconf 85' lang='lat' dir='ltr'>virtute</span> <span class='ocrx_word' id='word_1_231' title='bbox 1142 4126 1249 4178; x_wconf 86' lang='lat' dir='ltr'>tamen</span> <span class='ocrx_word' id='word_1_232' title='bbox 1265 4115 1398 4182; x_wconf 91' lang='lat' dir='ltr'>indutus</span> 
     </span>
     <span class='ocr_line' id='line_1_34' title="bbox 445 4214 1397 4301; baseline 0.003 -21"><span class='ocrx_word' id='word_1_233' title='bbox 445 4239 485 4280; x_wconf 86' lang='lat' dir='ltr'>ex</span> <span class='ocrx_word' id='word_1_234' title='bbox 510 4215 586 4296; x_wconf 90' lang='lat' dir='ltr'>alto,</span> <span class='ocrx_word' id='word_1_235' title='bbox 609 4215 742 4301; x_wconf 85' lang='lat' dir='ltr'>singulis</span> <span class='ocrx_word' id='word_1_236' title='bbox 767 4217 864 4280; x_wconf 89' lang='lat' dir='ltr'>totins</span> <span class='ocrx_word' id='word_1_237' title='bbox 889 4214 1018 4301; x_wconf 82' lang='lat' dir='ltr'>Anglioe</span> <span class='ocrx_word' id='word_1_238' title='bbox 1044 4214 1198 4300; x_wconf 87' lang='lat' dir='ltr'>episcopis</span> <span class='ocrx_word' id='word_1_239' title='bbox 1221 4214 1253 4278; x_wconf 92' lang='lat' dir='ltr'>in</span> <span class='ocrx_word' id='word_1_240' title='bbox 1278 4216 1397 4283; x_wconf 85' lang='lat' dir='ltr'>virtute</span> 
     </span>
     <span class='ocr_line' id='line_1_35' title="bbox 446 4315 1398 4403; baseline 0.003 -24"><span class='ocrx_word' id='word_1_241' title='bbox 446 4317 638 4382; x_wconf 83' lang='lat' dir='ltr'>obedientiae</span> <span class='ocrx_word' id='word_1_242' title='bbox 670 4316 835 4403; x_wconf 85' lang='lat' dir='ltr'>praecepit‚</span> <span class='ocrx_word' id='word_1_243' title='bbox 864 4339 905 4380; x_wconf 92' lang='lat' dir='ltr'>ne</span> <span class='ocrx_word' id='word_1_244' title='bbox 938 4317 1076 4381; x_wconf 81' lang='lat' dir='ltr'>Tbomoe</span> <span class='ocrx_word' id='word_1_245' title='bbox 1106 4315 1398 4394; x_wconf 81' lang='lat' dir='ltr'>communicarent3</span> 
     </span>
     <span class='ocr_line' id='line_1_36' title="bbox 447 4414 1400 4504; baseline 0.002 -21"><span class='ocrx_word' id='word_1_246' title='bbox 447 4418 549 4485; x_wconf 90' lang='lat' dir='ltr'>donec</span> <span class='ocrx_word' id='word_1_247' title='bbox 568 4419 622 4483; x_wconf 93' lang='lat' dir='ltr'>ille</span> <span class='ocrx_word' id='word_1_248' title='bbox 645 4419 686 4483; x_wconf 91' lang='lat' dir='ltr'>ab</span> <span class='ocrx_word' id='word_1_249' title='bbox 708 4418 847 4504; x_wconf 88' lang='lat' dir='ltr'>incoepta</span> <span class='ocrx_word' id='word_1_250' title='bbox 870 4415 1044 4481; x_wconf 86' lang='lat' dir='ltr'>rebellione</span> <span class='ocrx_word' id='word_1_251' title='bbox 1065 4414 1247 4492; x_wconf 57' lang='lat' dir='ltr'>desisterem</span> <span class='ocrx_word' id='word_1_252' title='bbox 1276 4417 1400 4484; x_wconf 84' lang='lat' dir='ltr'>litteras</span> 
     </span>
    </p>
   </div>
   <div class='ocr_carea' id='block_1_4' title="bbox 0 0 1852 5317">
    <p class='ocr_par' dir='ltr' id='par_1_5' title="bbox 0 0 1852 5317">
     <span class='ocr_line' id='line_1_37' title="bbox 0 0 1852 5317; baseline 0 0"><span class='ocrx_word' id='word_1_253' title='bbox 0 0 1852 5317; x_wconf 95' lang='lat' dir='ltr'> </span> 
     </span>
    </p>
   </div>
  </div>
 </body>
</html>
