3625 5317
776 783 1000 831 turriumve.

413 941 576 1023 Graiaque
592 938 771 1021 temperies,
785 938 936 1001 animalia
950 959 1084 1021 corpora
1097 940 1206 1011 nutrit,

456 1120 459 1127 ,
504 1044 550 1105 Ut
563 1052 678 1105 natura
685 1039 791 1123 jubet,
806 1040 875 1104 haec
891 1041 1003 1123 magis,
1017 1041 1073 1105 illa
1089 1041 1205 1105 minus.

415 1144 527 1208 Perria
541 1145 706 1229 spiritibus
722 1157 796 1206 sunt
811 1164 944 1227 corpora
959 1144 1068 1223 denua,
1085 1144 1144 1208 sed
1157 1145 1231 1209 illos
1305 1150 1368 1207 755

502 1248 533 1309 N
536 1266 599 1308 unc
615 1246 745 1309 cohibet
758 1245 859 1329 major
873 1246 1074 1309 arbitriumve
1091 1248 1164 1311 Dei.

417 1348 543 1431 Corpus
558 1349 723 1431 spiriteum
739 1369 805 1410 non
820 1347 944 1410 laedunt
957 1350 1048 1428 algor
1062 1361 1096 1411 et
1109 1357 1217 1427 rectus,

502 1452 559 1513 vis
575 1452 805 1514 elementorum
819 1451 910 1513 nulla
922 1471 1038 1513 nocere
1053 1462 1169 1533 potest.

415 1551 481 1615 Sed
497 1564 661 1636 torquetur
676 1554 717 1616 eb
733 1553 784 1617 his
799 1553 944 1616 animalia
959 1553 1034 1629 vitu,
1048 1553 1199 1637 capitque

505 1653 656 1735 Congrua
671 1676 729 1739 pro
745 1654 865 1718 meritis
880 1655 1012 1736 praemia
1027 1654 1164 1738 quisque
1179 1654 1256 1716 suis.
1306 1658 1370 1715 760

418 1755 573 1838 Faeceque
590 1753 725 1819 decocta
740 1756 864 1819 cunctis
880 1765 1041 1819 recreatur
1055 1756 1145 1836 origo

504 1858 617 1921 Purior
631 1869 664 1921 et
676 1856 812 1922 redeunt
824 1878 920 1921 aureu
934 1859 1022 1921 secla
1036 1868 1171 1942 patmm.

419 1960 523 2023 Multa
538 1962 638 2043 probe
654 1960 765 2024 docuit
779 1961 898 2043 illoque
913 1960 1060 2043 perutilis
1074 1982 1153 2035 aevo,

508 2062 596 2124 luter
609 2060 789 2144 praecipuos
804 2081 948 2123 summus
963 2060 996 2122 in
1008 2061 1084 2123 orbe
1099 2061 1168 2122 fuit.

421 2160 510 2223 Hinc
520 2172 626 2224 tamen
636 2160 786 2243 arguitur,
792 2161 915 2225 animus
923 2159 1010 2244 quod
1019 2162 1061 2225 ab
1067 2160 1183 2224 uthere
1192 2161 1299 2242 lapsae
1309 2160 1371 2219 765

508 2266 637 2341 Asserit,
652 2274 685 2326 et
700 2285 816 2348 corpus
835 2264 972 2327 carceris
986 2286 1056 2327 esse
1070 2266 1153 2341 loco,

421 2366 465 2427 Et
480 2364 569 2446 quod
584 2386 639 2429 eas
653 2366 790 2449 propriis
805 2367 955 2429 exclusas
970 2367 1003 2429 in
1018 2386 1102 2430 nova
1116 2364 1200 2427 mitti

507 2464 650 2549 Corpora
664 2488 722 2550 pro
737 2487 860 2529 morum
876 2466 1060 2531 conditione
1075 2477 1176 2550 putat,

421 2566 467 2629 Et
481 2566 568 2650 quod
583 2590 637 2631 eas
651 2569 796 2652 proprios
810 2568 939 2632 tandem
954 2569 1088 2633 deducit
1101 2568 1142 2631 ad
1158 2578 1245 2629 ortus

508 2668 670 2753 Corporis,
686 2681 721 2733 ut
736 2669 855 2751 cupide
869 2690 977 2732 rursus
991 2669 1032 2733 ad
1048 2670 1112 2731 ima
1126 2668 1254 2732 cadant.
1313 2668 1376 2727 770

423 2768 531 2839 Quum
546 2769 644 2832 semel
659 2769 730 2831 baeo
747 2768 862 2830 suerint
876 2766 933 2829 illo
950 2767 1093 2829 tradente
1108 2778 1246 2848 recepta,

509 2870 681 2935 Convinoit
694 2871 775 2931 ratio
790 2868 928 2950 plurima
943 2870 1022 2931 sulca
1036 2867 1138 2949 cequi.

520 2972 572 3035 De
588 2972 720 3033 Socrate
733 2977 765 3031 et
778 2969 973 3032 auctoritate
985 2973 1057 3049 qiu
1070 2977 1102 3032 el
1117 2968 1274 3047 deputate.

421 3076 505 3137 Ante
521 3072 618 3156 pedes
634 3072 775 3136 Socratis
790 3070 926 3135 humiles
940 3081 1125 3134 sternuntur
1138 3068 1269 3143 alumni,

509 3175 748 3258 Indigitemque
766 3176 872 3237 Deum
889 3174 1018 3237 Graecia
1032 3183 1099 3237 tota
1113 3171 1202 3237 colit

423 3278 583 3354 Quaerere,
597 3276 624 3339 si
640 3286 776 3339 cunctos
790 3277 953 3360 processit
966 3297 1042 3339 reru
1056 3272 1213 3350 docendo,
1312 3277 1376 3334 775
1468 3359 1472 3364 ᾖ

510 3380 635 3445 Vixerit
648 3400 690 3443 an
705 3391 825 3455 sancte,
840 3378 981 3442 creditur
994 3399 1064 3443 ecee
1080 3378 1195 3441 scelus.

425 3480 587 3543 Exercent
602 3480 658 3543 alii
671 3500 820 3543 numeros
835 3489 868 3541 et
882 3479 1025 3562 pondera
1038 3499 1154 3554 rerum,

509 3582 589 3654 Quae
605 3580 809 3647 mensurandi
823 3580 945 3660 regula,
959 3580 1054 3662 quive
1068 3577 1175 3649 modi;

427 3682 596 3745 Parcarum
611 3695 751 3747 mantem
767 3692 842 3746 sunt
856 3680 911 3763 qui
925 3681 1134 3763 speculentur
1147 3679 1180 3741 in
1196 3678 1289 3743 antris

510 3784 555 3846 Et
569 3804 670 3847 rorum
685 3795 801 3861 motor,
815 3782 1050 3865 consiliumque
1066 3779 1129 3843 Dei
1137 3803 1147 3856 ;
1315 3782 1377 3841 78⁰

426 3884 509 3947 Sunt
524 3886 580 3967 qui
594 3886 748 3950 rimantur
762 3896 883 3949 naturae
898 3884 1033 3962 viscera,
1046 3894 1123 3947 sunt
1137 3902 1218 3966 quos

512 3987 620 4049 Nexio
635 4006 813 4063 cannarum,
829 3987 987 4068 signaque
1001 3984 1071 4049 nolu
1084 3994 1211 4047 tenent:

427 4084 482 4150 Sic
500 4088 602 4151 eciem
619 4088 735 4150 mentis
750 4097 868 4149 vexant
882 4097 915 4149 et
928 4087 962 4149 in
977 4098 1089 4151 extera
1103 4094 1268 4168 spargunt,

512 4192 557 4252 Et
573 4189 694 4271 privata
709 4208 767 4251 auo
783 4188 904 4251 lumine
920 4187 1019 4251 corda
1032 4197 1175 4251 manent.

426 4292 469 4353 Ar
485 4291 634 4355 Socrates
649 4288 815 4352 hominum
831 4308 923 4351 curas
937 4286 1113 4351 contemnit
1126 4285 1237 4347 inanes
1318 4289 1381 4349 785

513 4394 557 4457 Et
573 4393 711 4456 latebras
726 4390 831 4454 cordis
846 4410 1005 4473 quemque
1021 4388 1126 4451 ridere
1141 4398 1259 4463 monet,
