3625 5317
413 816 485 863 cae.
503 801 571 875 111.]
766 808 1011 861 usrsuoorcus.
1323 797 1366 858 65

412 965 466 1047 ais,
481 966 543 1030 vim
560 965 711 1053 penderet
732 965 911 1031 rationum:
933 984 997 1031 non
1017 976 1123 1029 tamen
1144 964 1225 1028 hanc
1238 962 1272 1027 ia
1286 967 1366 1029 artis

411 1067 536 1154 redegit
557 1069 725 1155 peritiam
749 1075 884 1155 preerat
899 1080 1005 1133 tamen
1021 1089 1101 1133 usus
1118 1080 1150 1131 et
1170 1065 1367 1148 exercitatio,

413 1194 497 1257 quas,
523 1171 606 1236 sicut
630 1172 665 1235 in
688 1170 769 1249 aliis,
793 1170 839 1235 ita
865 1182 898 1235 et
923 1168 976 1234 hic
1001 1180 1163 1256 precepta
1186 1168 1364 1234 antecessit.

413 1272 538 1338 Deinde
560 1272 748 1340 Aristoteles
768 1271 846 1336 artis
866 1271 993 1357 regulas
1015 1269 1238 1357 deprehendit,
1251 1282 1284 1335 et
1301 1282 1365 1334 tra·

412 1372 505 1441 didit.
553 1375 617 1439 Hic
639 1388 688 1441 est
711 1374 999 1461 Peripateticorum
1022 1373 1180 1459 princeps,
1195 1394 1292 1459 quem
1314 1394 1366 1437 ars

413 1474 474 1540 ista
496 1475 697 1563 praecipuum
719 1472 831 1540 laudat
852 1484 1024 1549 auctorem,
1044 1485 1078 1537 ct
1098 1472 1156 1559 qui
1177 1472 1255 1537 alias
1275 1470 1368 1538 disci-

412 1577 515 1663 plinas
545 1598 730 1653 communes
759 1574 856 1641 hahet
884 1597 958 1640 cnm
986 1574 1172 1641 auctoribus
1195 1575 1279 1639 suis:
1310 1576 1366 1639 aed

413 1678 497 1745 hanc
515 1702 573 1743 suo
588 1680 663 1765 jure
678 1678 860 1757 vendicans,
874 1700 893 1741 a
907 1676 1102 1763 possessione
1122 1674 1211 1739 illius
1231 1676 1367 1742 exclusit

413 1793 558 1846 caeteros.
602 1782 649 1845 Et
670 1779 745 1844 licet
759 1778 836 1843 alibi
851 1777 891 1843 de
906 1801 945 1843 eo
966 1776 1093 1864 plenius
1113 1775 1302 1863 scripserim,
1315 1800 1369 1843 ne-

414 1905 579 1969 quaquam
605 1881 657 1949 hic
684 1881 841 1947 silendum
872 1879 1005 1957 credidi,
1036 1876 1116 1964 quid
1145 1877 1186 1943 de
1214 1900 1255 1945 eo
1282 1878 1367 1945 dicat

415 1982 650 2061 Quintilianus:
687 1982 777 2059 Quid
794 1984 992 2048 Aristotelem
1011 2001 1178 2057 memorem
1201 2002 1288 2065 quem
1308 1983 1370 2047 sci·

413 2086 500 2149 entia
514 2107 625 2163 rerum,
642 2087 761 2165 dubito,
773 2108 816 2149 on
830 2087 1013 2169 scriptorum
1027 2085 1130 2167 cupio,
1146 2104 1190 2147 an
1205 2086 1369 2169 eloquendi

413 2206 478 2262 usu,
494 2208 536 2250 on
551 2189 706 2253 suauitate
722 2188 848 2271 eloquii,
865 2207 908 2249 on
929 2186 1138 2250 inventionum
1157 2187 1309 2265 acumine,
1323 2207 1369 2250 um

417 2292 571 2357 sanctule
584 2314 719 2378 operum,
735 2293 896 2357 clariorem
907 2293 1041 2377 putem?

416 2468 497 2555 Cap.
510 2474 540 2533 8.
565 2470 659 2544 Quod
671 2472 770 2553 lupico
782 2468 1081 2552 philosophantibus
1090 2470 1295 2552 praelegendo
1309 2479 1367 2548 eat,

457 2580 490 2635 et
503 2572 542 2636 de
555 2573 736 2660 differentia
757 2573 1016 2649 demonstrativa,
1032 2574 1170 2655 ueraque
1184 2574 1368 2660 probabilia,

459 2672 596 2757 Logiccm
612 2682 642 2739 et
657 2673 858 2758 Sophiatioae.

460 2806 632 2870 annrns
654 2804 763 2890 itaque
778 2802 991 2891 peripatetici,
1006 2806 1092 2887 quod
1108 2827 1190 2889 opus
1207 2810 1244 2870 in
1258 2827 1367 2884 usum,

415 2924 496 2969 usuc
516 2909 658 2970 transire
676 2914 781 2988 puteat
793 2905 826 2967 in
841 2917 955 2981 artem,
970 2904 1061 2990 quod
1076 2926 1193 2989 vagum
1216 2904 1321 2969 iuerat
1336 2920 1369 2971 et

413 3004 625 3081 licentiosum,
648 3005 743 3070 certis
764 3002 885 3089 regulis
907 3004 1131 3091 subjecerunt:
1163 3005 1370 3072 excludentes

414 3105 591 3181 mendacia,
602 3104 786 3193 supplentes
796 3104 993 3194 imperfecta,
1004 3118 1178 3171 resecantes
1189 3106 1368 3195 superflum

414 3221 448 3273 et
464 3209 496 3272 in
512 3207 660 3273 omnibus
675 3219 836 3295 praecepta
850 3229 990 3293 congrua
1004 3208 1257 3295 praescribentes.
1292 3212 1372 3276 Pro·

415 3308 501 3374 fecta
510 3307 611 3393 igitur
621 3308 695 3374 hinc
704 3320 763 3384 cst,
775 3322 806 3375 et
819 3309 864 3373 sic
875 3307 1026 3396 perlecta,
1035 3310 1167 3377 scientia
1176 3310 1368 3390 disserendi3

417 3434 492 3497 quas
501 3410 688 3499 disputandi
700 3410 822 3491 modos,
832 3425 864 3478 et
873 3411 1011 3479 rationes
1021 3412 1248 3501 probationum
1257 3420 1371 3503 aperit,

418 3511 663 3598 procedentibus
685 3512 767 3577 viam
788 3525 891 3600 parat,
904 3537 971 3601 qua
991 3513 1072 3601 quid
1086 3514 1120 3579 in
1140 3513 1235 3579 dictis
1250 3538 1372 3599 verum,

419 3614 498 3702 quid
520 3615 648 3699 falsum,
664 3615 743 3703 quid
767 3618 990 3697 necessarium,
1004 3616 1085 3703 quid
1105 3614 1300 3705 impossibile
1319 3619 1371 3696 sit,

418 3718 603 3783 innotescit:
645 3716 715 3782 aliis
743 3716 973 3803 philosophicis
1002 3715 1178 3804 disciplinis
1214 3720 1373 3805 posterior

419 3829 573 3904 tempore,
588 3817 642 3883 sed
664 3816 775 3882 ordine
789 3815 902 3902 prima.
950 3816 1184 3883 Inchoantibus
1202 3818 1286 3883 onim
1303 3819 1374 3906 phi-

418 3916 607 4005 losophiam,
624 3916 828 4005 praelegenda
848 3928 907 3995 est,
923 3936 962 3981 eo
978 3916 1065 4003 quod
1088 3940 1215 3994 vocum,
1233 3932 1265 3986 et
1281 3920 1374 3985 intel·

418 4017 560 4083 lectuum
576 4019 732 4107 interpres
747 4031 807 4100 est,
821 4017 887 4083 aine
902 4017 1023 4105 quihus
1039 4019 1148 4085 nullus
1163 4020 1374 4107 philosophie

419 4119 574 4186 articulus
585 4137 669 4187 recte
680 4120 825 4209 procedit
837 4124 869 4185 in
882 4121 996 4186 lucem.
1029 4122 1092 4199 Qui
1105 4144 1180 4187 vero
1194 4123 1261 4187 sine
1271 4122 1376 4205 logica

419 4218 653 4307 philosophiam
676 4220 782 4286 doceri
804 4234 912 4307 putat,
935 4220 1020 4285 idem
1041 4243 1062 4285 a
1084 4221 1249 4308 sapientiae
1271 4220 1374 4297 cultu,

419 4322 561 4385 omnium
586 4343 690 4387 rerum
713 4322 902 4389 exterminet
925 4320 1073 4397 rationes,
1096 4322 1175 4408 quia
1200 4321 1245 4385 eia
1272 4320 1376 4405 logica

422 4422 581 4509 praesidet.
614 4424 662 4491 Ut
678 4422 874 4489 divertamus
889 4423 930 4488 ad
946 4420 1083 4504 fabulas,
1096 4418 1223 4509 pulmon
1237 4444 1376 4489 sororem

466 4545 538 4591 vot.
554 4546 584 4591 v.
885 4544 904 4588 r
