3625 5317
447 794 506 854 ltt
701 804 837 849 sonuum
853 801 1128 848 ssamanmmsra
1242 786 1325 869 [sm.
1343 805 1391 852 111.

443 955 553 1031 voluit,
574 952 715 1039 singulis
738 976 799 1019 cur
822 957 870 1018 itu
892 958 946 1029 sit,
971 951 1073 1016 voluit
1097 952 1249 1030 revelare,
1274 958 1392 1020 Omnia

443 1078 584 1139 numque
611 1058 656 1119 nd
679 1059 824 1139 planum
854 1076 947 1119 nosce
970 1056 1100 1128 dieam-
1133 1058 1171 1118 in
1199 1058 1292 1120 nullo
1319 1058 1390 1131 lubi,

445 1161 614 1241 Angeliou:
633 1161 669 1221 ἐπ
681 1160 835 1241 plurimis
848 1158 927 1221 bare
939 1160 1067 1231 sentire
1082 1159 1228 1220 humanu
1239 1160 1391 1241 perfectio

445 1268 501 1327 est.
557 1256 715 1323 Cumulns
740 1256 849 1343 itaque
875 1256 1028 1334 scientie,
1053 1256 1087 1322 ia
1113 1255 1174 1321 hoc
1196 1256 1390 1321 duodenario

445 1359 605 1426 solidatur.
642 1357 848 1443 Investigatio
866 1357 1097 1444 philosophica,
1112 1358 1280 1422 undenarii
1294 1358 1392 1423 sobri·

443 1468 530 1543 etate
552 1471 703 1525 contenta
723 1470 790 1527 est:
818 1469 862 1536 et,
884 1460 911 1523 si
934 1458 1018 1523 ultra
1036 1458 1249 1545 progreditur,
1270 1458 1391 1545 prolec-

446 1575 516 1627 tum
538 1582 632 1627 suum
656 1560 770 1646 gratim
794 1581 834 1623 ex
858 1580 976 1643 magna
999 1570 1090 1644 parte
1114 1557 1253 1624 ascribit.
1308 1557 1390 1622 Nam

444 1664 644 1753 pulsantibus
663 1662 767 1749 aperit
786 1661 900 1747 gratia,
922 1671 958 1725 et
976 1660 1174 1726 voluntatem
1196 1682 1298 1735 mam,
1320 1682 1391 1753 qua

444 1766 606 1854 originalis
620 1766 765 1831 omnium
780 1786 875 1829 causa
888 1774 948 1841 est,
960 1761 1081 1828 revelat
1095 1763 1255 1827 Dominus
1267 1762 1327 1840 lais,
1338 1762 1391 1849 qui

444 1894 485 1936 ex
499 1882 567 1937 toto
588 1870 684 1935 corde
703 1879 853 1956 quoerunt
872 1888 956 1931 cam.
1001 1869 1102 1931 Porro
1122 1866 1261 1951 Logicus
1280 1866 1390 1931 decem

444 1971 651 2039 institutionis
672 1992 739 2035 auae
754 1969 916 2033 elementa
934 1968 1105 2054 cognoscit,
1119 1981 1154 2033 et
1175 1990 1274 2056 quum
1288 1969 1323 2033 in
1344 1968 1391 2033 his

445 2073 541 2161 plene
555 2072 652 2137 luerit
666 2070 829 2147 educatus,
845 2070 879 2133 in
899 2083 991 2156 parte
1007 2070 1266 2135 contradictionis
1283 2071 1392 2135 adrer-

445 2175 563 2241 sarium
579 2171 684 2259 pergit
696 2193 738 2235 ax
751 2171 930 2238 intentione
944 2172 1071 2260 plenius
1084 2172 1282 2240 convincere.
1329 2173 1390 2237 Ha

445 2298 531 2361 ergo,
556 2296 630 2361 quae
655 2272 806 2339 dicuntur
828 2275 999 2357 naturales,
1020 2286 1055 2340 ct
1072 2274 1309 2363 quodammodo
1329 2273 1393 2339 ele·

445 2389 605 2442 mantares
625 2386 709 2454 sunt,
730 2377 904 2462 praejacent
925 2378 1136 2463 questiones:
1158 2376 1289 2453 scilicet,
1303 2381 1391 2461 quid,

444 2488 615 2564 quantum,
631 2482 736 2563 quale,
752 2485 807 2559 dfe.
854 2480 897 2544 Et
912 2480 1038 2562 eunde,
1054 2502 1154 2567 quum
1176 2480 1210 2543 in
1232 2479 1281 2544 his
1301 2500 1390 2565 gym-

446 2578 635 2666 nosophistoe
650 2579 769 2645 luerint
782 2580 930 2658 instituti,
945 2581 1227 2646 contradictionem
1243 2581 1389 2656 innuant,

379 2742 387 2759 ,
443 2702 589 2769 eamque,
605 2693 642 2746 ut
656 2680 719 2745 dici
734 2680 823 2758 solet,
839 2687 876 2747 in
891 2691 980 2747 arcto
992 2706 1103 2767 cumpo
1115 2682 1337 2762 distrahentes,
1350 2680 1390 2745 ad

442 2784 677 2871 reprimendam
688 2793 812 2868 partem
827 2782 1017 2867 oppositam,
1030 2782 1158 2847 rationis
1168 2804 1235 2847 suae
1246 2783 1391 2846 sinuntur

442 2886 578 2953 aculeis:
609 2885 714 2951 tendit
738 2884 825 2949 enim
847 2883 983 2970 quisque
1008 2905 1173 2965 evacuare,
1198 2884 1285 2971 quod
1306 2882 1388 2969 apud

443 2988 541 3054 elium
556 2998 711 3054 statutum
731 2998 789 3052 est.
837 2984 902 3049 Sed
924 2983 1001 3071 quia
1019 2984 1212 3049 naturalium
1227 2985 1330 3071 prima
1344 2995 1392 3049 est

352 3092 356 3099 '
442 3088 614 3178 inquisitio,
636 3090 670 3152 in
695 3088 764 3173 ipsa
788 3086 892 3173 primo
917 3085 1029 3151 decem
1053 3086 1303 3171 predicamenta
1328 3086 1388 3151 lor·

442 3207 530 3256 mata
550 3200 636 3269 sunt,
657 3188 891 3274 excogitatique
919 3210 1092 3264 sermones,
1120 3188 1237 3274 quibus
1264 3186 1306 3252 da
1332 3186 1390 3263 his,

442 3312 516 3378 quae
538 3289 642 3375 primo
664 3300 835 3352 occurrunt
856 3289 975 3368 sensui,
993 3302 1050 3354 aut
1068 3289 1257 3371 intellectui,
1278 3292 1390 3374 paulic

442 3396 510 3458 aiut
534 3410 666 3475 corpora
686 3401 742 3452 aut
766 3387 903 3473 spiritus,
930 3396 1022 3473 quid,
1046 3400 1218 3475 quantum,
1240 3400 1272 3457 ct
1298 3394 1391 3473 quale

443 3505 535 3573 esset,
561 3502 617 3555 aut
641 3490 817 3555 secundum
840 3502 971 3556 coeteras
992 3492 1184 3577 quoestioncs
1205 3490 1391 3556 naturaliter

442 3594 661 3681 procedentes,
676 3591 855 3658 declaretur
875 3594 1119 3681 unumquidque
1133 3615 1254 3660 eorum.
1294 3592 1390 3657 Unde

442 3706 476 3760 et
504 3694 752 3782 praedicamenta
781 3695 867 3760 dicta
895 3707 979 3772 sunt,
1010 3696 1076 3759 sive
1113 3696 1146 3759 in
1182 3695 1389 3768 sermonibus,

442 3798 568 3863 sivein
601 3796 706 3878 rebus,
737 3797 850 3861 decem
875 3818 995 3881 genera
1025 3796 1288 3881 predicabilium,
1317 3816 1391 3881 quac

441 3900 487 3966 sic
522 3900 564 3965 ad
592 3899 766 3983 singulares
795 3898 1038 3985 individuasque
1069 3899 1261 3964 substantias
1289 3895 1390 3983 appli-

443 4012 576 4067 cantur:
603 4022 675 4088 quae
697 4003 738 4066 de
759 4001 835 4089 ipsis
851 4002 1001 4086 judicent
1022 4000 1099 4087 quid
1121 4002 1195 4082 sint,
1217 4009 1389 4085 quantum,

440 4109 544 4189 manle,
560 4103 601 4169 ad
622 4103 754 4190 aliquid,
772 4104 838 4179 ubi,
862 4103 1002 4189 quando,
1016 4102 1123 4180 situm,
1139 4103 1218 4189 quid
1239 4101 1388 4176 habeant,

441 4204 568 4282 iaciant,
599 4215 655 4270 aut
685 4203 857 4290 patiantur.
912 4202 1054 4268 Primum
1091 4205 1200 4292 itaque
1236 4200 1389 4289 praedica·

440 4319 584 4371 mentum
608 4317 657 4371 est
686 4304 719 4367 in
749 4302 809 4383 hia,
837 4324 911 4389 quas
934 4303 976 4369 de
1005 4304 1113 4391 eliqua
1141 4303 1388 4370 substantiarum

441 4404 584 4471 indicant
609 4402 685 4489 quid
710 4400 780 4467 sint.
837 4404 1021 4469 Secundum
1049 4404 1083 4469 in
1112 4404 1161 4470 his
1190 4425 1265 4490 quoe
1288 4423 1389 4488 qusn-
