3625 5317
491 770 532 831 98
740 780 876 826 Josssrs
892 779 1171 825 sanasssmanms
1312 761 1396 839 [sss.
1413 780 1448 823 n.

495 949 562 1011 tur,
583 945 641 997 aut
663 954 777 997 nomen
800 935 986 1017 suscipiunt
1006 930 1169 1009 creatoris,
1197 944 1255 995 aut
1284 942 1448 995 creatura.

498 1032 676 1121 Siquidem,
700 1047 737 1098 ut
752 1034 797 1097 ait
818 1036 971 1114 Ulgara'acs
992 1031 1182 1095 venerabilis
1197 1031 1450 1116 Andegavorum

496 1136 677 1223 Episcopus
698 1141 732 1201 in
759 1136 915 1200 Varaolitio
934 1137 1193 1218 disciplinarum,
1206 1138 1387 1217 grotiomm
1409 1135 1451 1197 od

496 1241 629 1303 {nomem
645 1240 734 1303 debet
754 1260 820 1302 esse
839 1238 925 1301 uerbi
938 1240 1181 1302 commercium:
1203 1259 1276 1299 narn
1299 1236 1332 1299 in
1347 1234 1450 1321 pbilo-

484 1339 701 1425 ,sophamium
728 1340 798 1404 soro
821 1338 977 1403 exuberat
1003 1338 1139 1414 bonitas,
1161 1350 1194 1402 et
1217 1336 1315 1400 verba
1337 1336 1450 1401 distra-

497 1442 621 1507 huntur
635 1440 675 1505 ad
690 1440 838 1527 gratiam.
883 1444 1000 1526 Itaque
1015 1440 1111 1504 detur
1122 1450 1160 1503 ut
1174 1440 1237 1504 sint
1250 1437 1449 1513 universalia,

496 1558 553 1610 aut
568 1546 661 1611 etiam
685 1560 722 1611 ut
736 1567 787 1610 res
802 1546 876 1622 sint,
894 1545 920 1609 si
935 1544 996 1609 hoc
1010 1543 1226 1630 pertinacibus
1240 1541 1363 1631 placet,
1387 1564 1449 1607 non

498 1661 604 1713 tamen
634 1651 676 1714 ob
697 1649 758 1714 boc
781 1668 892 1713 verum
916 1647 988 1725 erit,
1011 1667 1116 1710 rerum
1147 1668 1316 1710 numerum
1339 1646 1450 1730 augeri

498 1750 546 1817 vel
561 1750 662 1817 minui
678 1774 736 1837 pro
747 1774 796 1829 eo,
807 1748 894 1837 quod
910 1748 973 1814 ista
983 1770 1045 1813 uon
1055 1761 1131 1814 sunt
1142 1748 1174 1811 in
1186 1770 1320 1812 numero
1334 1767 1450 1811 rerum.

498 1854 625 1941 Siquis
647 1868 754 1919 autem
780 1850 969 1918 universalia
984 1851 1112 1915 seorsim
1135 1862 1305 1930 recenseat,
1320 1870 1452 1914 numero

498 1955 626 2041 quidem
643 1956 780 2019 inveniet
794 1978 860 2019 esse
872 1953 1027 2039 subjecta,
1037 1951 1093 2016 sed
1104 1952 1158 2017 cui
1169 1950 1380 2035 singularium
1393 1972 1452 2013 nu·

499 2077 605 2119 merus
614 2078 676 2119 non
686 2068 891 2141 aggregatur.
928 2044 1112 2119 Sioutenim
1124 2052 1451 2140 collegiisautcorpo·

500 2156 1453 2243 ribusnonconnumeranturcapita,autcapitibusoorpora,

500 2261 544 2323 sio
558 2280 616 2323 nec
631 2258 821 2323 universalia
830 2258 1057 2345 singularibus,
1068 2281 1125 2323 nec
1141 2257 1314 2342 singularia
1328 2257 1452 2320 numeri

499 2360 673 2425 accessione
702 2360 935 2425 universalibus
956 2374 1156 2425 accrescunt:
1188 2381 1340 2424 numerus
1365 2357 1449 2422 enim

500 2463 659 2527 duntaxat
668 2462 723 2527 illa
734 2462 968 2549 complectitur,
982 2486 1056 2549 quae
1067 2462 1210 2548 ejusdem
1222 2461 1355 2526 rationis
1366 2473 1452 2541 sunt,

500 2578 532 2630 et
541 2587 621 2652 .quae
633 2554 668 2629 in
691 2565 825 2649 singulis
840 2586 946 2630 rerum
969 2566 1141 2650 generibus
1155 2577 1271 2629 natura
1289 2564 1452 2627 discrevit.

429 2746 434 2755 1
503 2667 592 2733 Nihil
607 2680 714 2733 autem
737 2667 916 2733 universale
936 2681 994 2746 est,
1009 2668 1069 2733 nisi
1085 2668 1174 2754 quod
1188 2670 1222 2731 in
1237 2665 1454 2751 singularibus

500 2772 669 2837 invenitur.
716 2772 863 2835 Seorsum
892 2783 998 2835 tamen
1020 2793 1039 2833 a
1061 2768 1170 2834 multis
1192 2768 1363 2855 quesitum
1393 2781 1453 2844 est,

501 2874 555 2940 sed
572 2874 699 2941 tandem
716 2873 795 2940 nihil
818 2873 1008 2938 invenerunt
1026 2894 1134 2937 omnes
1155 2873 1188 2935 in
1205 2870 1351 2935 manibus
1371 2871 1453 2935 suis:

499 2979 650 3065 quoniam
672 3000 812 3044 seorsum
833 3000 852 3041 a
871 2976 1097 3061 singularibus,
1116 2974 1196 3039 nihil
1218 2986 1277 3054 est,
1291 2971 1351 3038 nisi
1370 2974 1454 3037 forte

499 3079 607 3168 qualia
621 3093 696 3145 sunt
711 3103 796 3157 vera,
819 3092 876 3143 aut
892 3078 1006 3143 similia
1021 3077 1259 3165 complexorum
1275 3076 1453 3161 significata

504 3200 694 3245 sermonum.
738 3185 806 3245 Nec
822 3196 945 3244 moveat
961 3179 1048 3266 quod
1064 3179 1237 3265 singularia
1245 3193 1278 3244 et
1290 3201 1452 3265 corporea,

500 3282 647 3366 exempla
667 3294 741 3345 sunt
759 3280 995 3360 universalium,
1011 3296 1044 3347 et
1057 3282 1327 3366 incorporalium
1351 3303 1451 3368 quum

499 3385 600 3448 ornnis
622 3384 704 3447 ratio
725 3382 856 3469 gerendi
887 3386 939 3466 (ut
961 3384 1006 3448 ait
1028 3385 1243 3471 Augustinus)
1265 3385 1453 3470 incorporea

500 3485 552 3567 sit,
566 3499 599 3550 et
614 3484 816 3563 insensibilis,
832 3484 913 3551 illud
929 3500 1032 3551 tamen
1049 3488 1137 3574 quod
1152 3488 1286 3574 geritur,
1301 3501 1451 3561 stactus,

500 3610 565 3675 quo
593 3586 727 3674 geritur,
749 3587 940 3675 plerumque
962 3588 1119 3655 sensibilis
1148 3590 1199 3656 sit.
1244 3592 1336 3677 Ergo
1360 3588 1451 3675 quod

499 3712 587 3755 mens
614 3692 825 3756 communiter
845 3689 1007 3777 intelligit,
1036 3693 1131 3757 etad
1154 3692 1328 3778 singularia
1349 3690 1452 3755 multa

496 3813 590 3878 reque
611 3791 768 3877 pertinet:
793 3793 880 3879 quod
904 3816 968 3859 vox
988 3796 1201 3860 communiter
1223 3793 1393 3879 significat,
1415 3805 1447 3857 et

497 3914 589 3981 aque
611 3893 652 3957 de
680 3894 791 3961 multis
813 3918 924 3960 verum
952 3910 1012 3974 est,
1035 3896 1254 3962 indubitanter
1275 3894 1452 3962 universale

497 4009 554 4063 est.
601 3994 705 4059 Sedet
718 3995 778 4061 hoc
789 3996 906 4083 ipsum,
920 3998 1037 4063 scilicet
1048 4000 1135 4085 quod
1147 3999 1348 4085 intelligitur,
1361 3998 1451 4087 quod

497 4095 706 4188 significatur,
721 4097 890 4185 benignius
909 4101 1184 4188 interpretandum
1201 4115 1263 4180 est,
1278 4114 1316 4166 ut
1330 4124 1451 4189 nequa·

496 4225 592 4291 quam
615 4200 655 4267 ad
679 4199 865 4287 disputandi
896 4202 1086 4268 decurratur
1106 4204 1282 4289 angustias,
1310 4217 1343 4269 et
1372 4203 1453 4270 artis

496 4306 713 4393 grammatice
736 4303 967 4380 subtilitatem
992 4329 1065 4392 quae
1087 4330 1129 4373 ex
1155 4308 1205 4372 sui
1235 4321 1361 4390 natura,
1389 4305 1450 4371 nisi

498 4409 589 4473 venia
617 4406 752 4475 licentiae
781 4406 962 4496 impetrata,
993 4409 1257 4475 demonstrativas
1281 4408 1448 4486 dictiones,
