3625 5317
399 779 488 827 sacr.
505 760 544 841 1.]
723 777 764 823 on
780 776 912 822 snrrsrr
927 776 1095 823 snernms.
1289 759 1350 819 211

401 932 533 996 veniunt
561 942 593 994 et
621 928 662 991 ad
688 927 898 1014 cognitionem
925 939 1147 1014 seexponuut.
1194 926 1255 991 Sed
1271 948 1353 1011 quo·

402 1030 484 1097 niam
508 1029 652 1107 subtilia,
674 1026 813 1094 diflicilia
839 1042 869 1093 et
892 1028 994 1094 ardua
1016 1042 1102 1105 aunt,
1127 1042 1279 1115 tanquam
1302 1028 1350 1091 in-

400 1134 585 1199 scrutabilia
607 1132 673 1196 fere
702 1152 813 1195 omnes·
840 1128 1099 1216 praetermittunt.
1146 1134 1227 1196 Haec
1248 1132 1352 1217 prima

400 1258 505 1301 rerum
522 1234 690 1323 principia,
704 1232 738 1297 id
758 1244 806 1298 'est
828 1254 936 1297 rerum
952 1255 1057 1298 causae
1077 1232 1210 1299 latentes
1230 1245 1263 1297 et
1276 1256 1352 1317 cog·

400 1337 536 1403 nitioues
549 1337 712 1402 dicuntur.
758 1336 809 1400 De
823 1334 944 1419 quibus
957 1333 1109 1421 praeclara
1126 1333 1350 1400 Chaldaeorum

399 1452 525 1505 tantum
542 1436 659 1524 scripta
674 1434 714 1500 ad
730 1438 883 1523 majorem
899 1436 1040 1500 veritatis
1054 1436 1245 1501 evidentiam
1267 1458 1354 1499 scru-

401 1555 521 1606 tantur.
566 1538 879 1623 nliaveroquaedam
895 1537 1081 1603 divinatam
1097 1536 1270 1622 profunda,
1287 1550 1350 1601 tam
1402 1570 1405 1574 ·

398 1642 536 1716 occulta,
552 1656 615 1706 tam
631 1639 742 1705 intima
757 1653 789 1705 et
802 1640 931 1704 omnino
945 1638 1197 1725 impenetrabilia
1212 1652 1299 1713 sunt,
1316 1651 1353 1702 ut

401 1744 491 1809 nulla
506 1743 626 1807 ratione
649 1746 795 1819 scrutari,
820 1742 909 1807 nullo
924 1740 1087 1806 intellectu
1108 1741 1242 1828 percipi,
1264 1739 1354 1803 nulla

402 1845 555 1932 sapientia
570 1844 753 1930 investigari
771 1843 905 1931 possint.
944 1842 1041 1907 Unde
1066 1842 1241 1930 Apostolus
1256 1841 1351 1920 Qnod

401 1961 514 2012 notum
540 1946 600 2011 Dei
623 1957 655 2011 et
670 1946 873 2011 manifestum
898 1960 946 2011 est
970 1944 1097 2011 inillis.
1143 1948 1250 2024 Quum
1274 1942 1353 2008 dicit

403 2048 490 2135 quod
506 2060 616 2112 notum
634 2049 695 2113 Dei
711 2061 773 2124 est,
789 2047 822 2111 id
838 2061 885 2112 est
901 2046 1052 2112 noscibile
1067 2049 1108 2114 de
1119 2051 1200 2127 Deo,
1215 2046 1352 2112 ostendit

403 2152 497 2238 plane
522 2174 561 2215 ex
589 2148 638 2215 bis
664 2175 736 2237 quae
764 2150 827 2216 Dei
851 2165 925 2216 sunt
949 2164 981 2216 et
996 2152 1029 2215 in
1055 2154 1125 2215 Deo
1148 2149 1269 2235 aliquid
1287 2172 1355 2214 esse

404 2254 618 2333 manifestum,
648 2252 770 2339 aliquid
800 2254 972 2318 oecultum.
1032 2253 1094 2318 Sed
1127 2252 1217 2339 quod
1255 2252 1355 2317 mani·

403 2356 522 2421 festum
536 2367 594 2431 est,
610 2377 667 2442 per
682 2356 827 2446 scientias
849 2378 940 2443 posse
959 2356 1109 2442 contingi.
1155 2354 1249 2433 Quod
1266 2377 1355 2442 pror·

404 2480 459 2524 sus
483 2457 702 2523 absconditum
729 2471 788 2535 est,
811 2457 899 2522 nulla
929 2457 1051 2521 ratione
1073 2480 1163 2542 posse
1184 2457 1355 2545 penetrari.

404 2563 448 2625 Et
465 2558 532 2624 lnec
548 2573 620 2625 sunt
636 2574 754 2626 secreta
776 2558 842 2640 illa,
857 2583 932 2646 quae
952 2583 1013 2623 non
1029 2562 1103 2625 licet
1120 2560 1239 2624 homini
1255 2558 1355 2645 loqui.

406 2661 555 2736 Proinde,
579 2662 669 2727 utin
694 2662 848 2749 Apostolo
870 2661 1033 2738 scribitur,
1056 2662 1249 2747 Sapientiam
1272 2662 1356 2726 inter

403 2763 561 2850 perfectos
592 2764 763 2851 loquimur.
815 2763 979 2848 Sapientia
1008 2784 1146 2847 namque
1176 2761 1292 2842 Pallas,
1321 2762 1356 2825 id

403 2878 450 2930 est
475 2886 557 2931 nova
572 2866 701 2941 dicitur,
717 2864 793 2951 quia
823 2863 976 2929 scandens
1000 2864 1041 2928 ad
1070 2886 1138 2927 eom
1170 2864 1356 2929 minoratur.

407 2966 553 3031 Minerva
568 2966 619 3031 vel
636 2967 775 3039 Athena,
793 2966 825 3031 id
842 2979 890 3031 est
909 2965 1106 3043 immortalis,
1122 2979 1263 3040 vocatur,
1279 2965 1357 3050 quia

405 3068 503 3134 verbo
535 3083 566 3133 et
604 3092 699 3156 opere
735 3091 803 3133 eam
838 3089 975 3154 sequeus
1008 3068 1049 3133 ad
1086 3067 1356 3133 immortalitatem

406 3172 541 3257 rapitur.
590 3174 669 3236 Haec
698 3171 800 3257 igitur
828 3170 984 3252 Tritonia,
1007 3170 1039 3235 id
1069 3184 1117 3237 est
1143 3171 1228 3236 trina
1255 3172 1356 3243 notio,

405 3288 622 3359 nuncupatur,
644 3273 721 3359 quia
743 3273 882 3338 humano
897 3272 1003 3339 animo
1025 3273 1177 3361 sapientia
1197 3273 1357 3339 illustrato

406 3375 612 3460 engerimion,
627 3374 661 3440 id
677 3384 725 3440 est
738 3374 927 3441 surrationis
942 3373 1021 3441 liber
1032 3376 1185 3464 aperitur,
1195 3376 1228 3439 in
1239 3397 1307 3462 quo
1315 3375 1357 3439 ab

406 3476 552 3541 humanis
567 3476 607 3541 ad
631 3476 739 3542 divina
762 3500 892 3562 surgere
914 3488 1034 3563 septem
1046 3478 1184 3564 septenis
1198 3476 1357 3550 eruditur,

405 3590 436 3643 et
450 3578 502 3643 ad
529 3581 657 3659 trinam,
684 3583 832 3645 humanas
857 3580 977 3645 scilicet
992 3593 1128 3660 naturae,
1152 3577 1303 3664 angelicae
1325 3592 1358 3643 et

406 3676 536 3756 divinae,
549 3680 706 3745 notionem
717 3680 885 3747 ascendere
894 3681 1067 3768 perfectius
1077 3679 1257 3746 instruitur.
1282 3682 1359 3767 Sep·

409 3794 473 3847 tem
511 3794 585 3847 suut
613 3783 700 3848 modi
731 3782 841 3869 primm
871 3796 1023 3868 septenas,
1053 3782 1173 3869 quibus
1201 3782 1361 3849 humanus

408 3883 533 3949 animus
542 3883 573 3947 in
587 3883 1211 3971 perfectameruditionemintroducitur.
1233 3886 1361 3951 Primus

408 3982 523 4048 modus
537 3996 597 4062 est,
611 3983 752 4047 omnium
768 3984 884 4048 artium
900 3982 1076 4049 doctrinam
1092 3984 1185 4063 velle,
1204 3986 1363 4052 secundus

409 4097 458 4149 est
479 4083 629 4149 delectari
653 4084 740 4171 quod
764 4083 862 4151 velis:
887 4086 1002 4150 tertius
1020 4085 1138 4152 instare
1152 4088 1193 4152 ad
1216 4088 1249 4152 id
1272 4088 1359 4174 quod

410 4182 565 4249 delectat:
597 4200 745 4272 quartus,
774 4186 940 4273 concipere
970 4186 1058 4273 quod
1080 4187 1191 4253 instat:
1215 4188 1361 4275 quintus,

411 4285 677 4373 memorarequod
687 4285 1103 4372 concipit,sextuainvenire
1112 4288 1233 4376 aliquid
1245 4289 1360 4354 simile:

412 4387 569 4472 septimus
583 4410 624 4452 ex
639 4387 688 4451 his
704 4387 851 4454 omnibus
863 4405 1056 4474 extorquere
1071 4391 1158 4476 quod
1173 4404 1220 4457 est
1237 4390 1326 4459 utile.

842 4510 861 4554 a
873 4492 894 4553 2
