3625 5317
471 776 512 837 70
727 790 863 838 ioannis
879 790 1157 838 ssaaaunmansrs
1285 774 1369 855 [mn.
1386 793 1425 839 ιι.

470 944 539 1029 quir
552 944 618 1008 sine
638 945 780 1020 ueritate,
796 942 992 1029 assequitur:
1023 942 1127 1030 etqui
1148 941 1328 1029 probabilia
1347 965 1424 1009 con-

470 1044 594 1119 temnit,
611 1062 672 1108 uon
688 1044 854 1130 pmbatur.

471 1230 550 1315 Cap.
562 1227 593 1295 6.
619 1226 711 1304 Quod
723 1248 824 1293 omnes
835 1230 985 1313 Logicam
1000 1239 1162 1311 appetant,
1177 1232 1231 1295 aed
1244 1251 1306 1294 non
1321 1252 1423 1296 omnes

839 1340 1049 1414 assequuntur.

513 1445 569 1509 Ex
579 1445 750 1531 praemissia
760 1446 869 1532 itaque
880 1466 1032 1531 magnum
1043 1444 1167 1532 aliquid
1178 1448 1309 1512 videtur
1319 1447 1423 1532 logica

469 1546 624 1633 polliceri,
638 1570 713 1635 quae
727 1546 921 1613 inventionis
940 1561 973 1613 et
988 1547 1104 1636 judicii
1122 1548 1247 1635 copiam
1268 1563 1420 1636 praestat:

468 1648 646 1729 dividendi,
655 1650 837 1729 deliniendi,
847 1664 878 1715 et
891 1648 1109 1729 convincendi,
1118 1650 1275 1716 ministrat
1286 1651 1423 1718 faculta-

468 1764 551 1827 tem;
567 1765 599 1817 et
611 1756 654 1819 sic
669 1752 881 1840 philosophia*
892 1773 966 1838 pars
979 1750 1113 1836 insignis
1123 1764 1182 1826 est,
1194 1765 1233 1817 ut
1244 1775 1303 1839 per
1313 1754 1422 1819 omnia

468 1855 611 1919 membra
631 1857 702 1941 ejus
723 1855 861 1943 quadem
886 1854 1019 1939 spiritus
1040 1853 1109 1918 vice
1130 1854 1308 1921 discurrat:
1336 1856 1422 1923 iners

467 1954 551 2019 enim
563 1968 611 2019 est
620 1954 721 2018 omnis
736 1953 947 2040 philosophia,
955 1976 1031 2040 quae
1041 1954 1082 2018 ad
1094 1953 1228 2039 logicam
1239 1978 1302 2020 non
1313 1956 1422 2043 dispo-

465 2056 565 2137 nitur.
599 2053 719 2119 Merito
733 2076 810 2136 ergo
825 2053 865 2117 ud
881 2075 950 2117 eam
962 2066 1072 2119 tantus
1086 2054 1230 2142 undiquc
1243 2069 1294 2123 est
1307 2080 1421 2123 cursus

465 2156 678 2246 populorum
708 2167 744 2220 ιιι
767 2155 834 2221 sola
855 2154 965 2241 plures
987 2171 1092 2221 teneat
1114 2170 1297 2245 occupatos,
1318 2183 1418 2246 quam

465 2278 574 2321 onrnes
595 2255 666 2320 alite
687 2255 820 2321 officinae
842 2255 941 2333 illius,
964 2280 1040 2343 quen
1061 2271 1154 2323 actus
1175 2259 1332 2325 humanos
1353 2260 1419 2327 dis-

465 2356 566 2443 ponit,
578 2365 611 2421 et
622 2357 731 2434 verbe,
741 2370 826 2422 certe
837 2370 869 2422 et
880 2357 1041 2444 cogitatus
1052 2359 1077 2423 si
1088 2374 1174 2427 recte
1184 2379 1416 2447 processerunt.

466 2457 703 2546 Philosophiam
718 2458 842 2544 loquor,
851 2461 918 2524 sine
929 2482 1005 2545 qua,
1017 2461 1172 2549 quicquid
1188 2476 1247 2540 est,
1258 2463 1414 2530 insulsum

463 2575 495 2627 et
510 2560 684 2647 insipidum
699 2572 758 2640 est,
772 2575 804 2626 et
820 2561 914 2648 plane
929 2585 1108 2644 ermneum,
1118 2578 1150 2629 et
1166 2565 1257 2630 bonis
1270 2566 1416 2633 moribus

461 2662 640 2749 displicens.
686 2660 834 2727 Clamant
854 2684 964 2727 omnes
985 2663 1026 2728 ad
1048 2664 1194 2747 invicem,
1207 2678 1339 2752 occupet
1358 2692 1416 2735 cu

460 2776 598 2832 tremum
612 2766 743 2841 condies,
758 2778 789 2830 et
807 2764 862 2853 qui
882 2786 945 2829 non
968 2764 1091 2830 accedit
1110 2767 1152 2831 ad
1171 2766 1321 2854 logicam,
1340 2794 1415 2836 oon.

461 2868 560 2935 tinnis
579 2882 612 2934 et
633 2870 826 2956 perennibus
848 2881 993 2933 versetur
1013 2868 1046 2933 in
1068 2868 1226 2936 sordibus.
1270 2872 1362 2957 Ergo
1381 2884 1415 2939 et

460 2972 538 3037 mili
557 2983 648 3057 impr
668 2973 807 3057 relinqui
827 2982 881 3048 ert,
905 2970 1108 3057 probrosum,
1133 2983 1165 3035 et
1189 2971 1412 3059 periculosum.

460 3075 579 3140 Vellem
596 3074 704 3139 videre
718 3078 838 3155 lumen,
852 3073 939 3159 quod
956 3072 1031 3137 solis
1049 3073 1120 3137 istis
1142 3072 1342 3157 proeoonibua
1364 3100 1413 3142 re-

458 3175 598 3239 velatum
615 3187 677 3237 est:
700 3173 828 3250 accedo,
838 3186 871 3238 ct
886 3171 1000 3235 humili
1016 3171 1245 3259 supplicatione
1260 3174 1410 3261 deposco,

459 3291 496 3341 ιιι
512 3298 561 3339 me
575 3273 721 3347 doceant,
738 3286 769 3337 et
786 3272 811 3337 si
828 3273 896 3337 fieri
912 3286 1029 3359 potest,
1052 3275 1185 3340 similem
1209 3277 1259 3341 sui
1282 3277 1412 3345 faciam.

459 3376 657 3443 Promittuut
672 3373 821 3462 grandim
845 3373 900 3438 aed
922 3371 1050 3440 interim
1073 3374 1347 3463 Pythagoreorum
1369 3382 1411 3446 gi.

456 3478 590 3545 lentium
607 3477 685 3543 mihi
701 3474 858 3552 indicunt,
869 3473 958 3561 quod
972 3475 1014 3541 ad
1025 3499 1141 3543 arcana
1154 3480 1324 3561 Minervae,
1333 3504 1410 3568 quaa

456 3580 515 3652 sibi
531 3579 744 3661 credita„esse
754 3578 916 3665 jactitant.
963 3576 1159 3647 Permittunt
1174 3594 1290 3658 tamen,
1302 3583 1367 3648 imo
1376 3600 1410 3651 et

456 3682 659 3773 praecipiunt,
676 3694 713 3747 ut
728 3684 926 3768 congarriam
948 3681 1008 3747 eis:
1032 3682 1092 3747 hoc
1112 3684 1272 3770 siquidem
1289 3686 1409 3753 talibus

455 3800 502 3852 est
518 3786 692 3872 disputare.
738 3785 895 3861 Tandem,
913 3807 1014 3871 quum
1028 3808 1067 3849 ex
1081 3785 1176 3873 longa
1191 3787 1407 3855 familiaritate

453 3886 623 3972 benignius
636 3886 766 3961 audior;
791 3886 979 3973 diligentius
992 3887 1088 3968 insto,
1101 3889 1320 3954 vehementius
1335 3889 1408 3977 pul·

453 4022 498 4079 so,
521 3994 725 4062 affectuosius
749 4011 835 4083 peto,
863 3996 941 4061 mihi
966 3998 1076 4061 eslim
1104 3997 1181 4063 artis
1205 3999 1331 4085 aperiri.
1376 4000 1406 4064 A

452 4096 636 4165 delinitione
650 4118 727 4180 ergo
750 4097 929 4184 incipimus.
974 4098 1078 4164 Docet
1101 4122 1151 4164 me
1173 4102 1295 4187 paucis,
1317 4101 1407 4188 quic-

451 4200 529 4289 quid
547 4198 676 4263 voluero
691 4198 837 4263 delinire:
857 4200 953 4286 jubet
967 4201 1050 4265 enim
1065 4213 1102 4265 ιιι
1116 4205 1197 4289 ejus,
1209 4204 1327 4288 dequo
1337 4203 1404 4288 agi·

449 4321 514 4383 tur,
538 4324 640 4390 genus
663 4301 867 4388 praemittam‚
892 4302 985 4389 eique
1010 4326 1180 4391 aggregem
1207 4304 1403 4369 differentias

449 4405 683 4486 substantiales,
698 4404 798 4469 donec
814 4404 853 4469 ad
871 4406 1118 4471 convertentiam
1142 4407 1297 4494 propositi
1321 4430 1402 4473 core·
