3625 5317
412 802 484 850 cae.
500 783 572 867 vu]
764 802 1007 851 nsrsnootcns.
1320 790 1361 849 73

409 953 588 1041 plenissime
616 953 824 1022 convalescat.
867 958 969 1021 Porro
994 956 1026 1019 in
1057 953 1214 1030 civilibus,
1240 974 1362 1041 usque-

409 1078 539 1143 quaque
555 1056 717 1144 justitiam
740 1078 884 1143 sequere,
906 1069 939 1122 te
959 1056 1127 1122 amabilem
1145 1055 1294 1120 omnibus
1314 1054 1362 1119 l'a-

409 1158 487 1235 cito,
500 1171 532 1223 et
548 1159 647 1245 juxta
659 1156 827 1231 comicum,
844 1160 911 1223 sine
928 1157 1047 1222 invidia
1065 1156 1191 1222 laudem
1207 1155 1361 1230 invenias,

409 1271 442 1323 et
457 1259 574 1325 amicos
588 1282 690 1346 pares.
729 1258 815 1337 Quid
831 1258 954 1325 multo?
982 1263 1019 1324 ln
1035 1258 1185 1323 omuibus
1198 1255 1297 1321 indue
1310 1278 1362 1320 ca-

407 1360 553 1426 ritatem:
579 1383 652 1425 nam
677 1373 710 1425 et
735 1360 811 1425 mibi
835 1361 868 1426 in
891 1375 1041 1449 promptu
1064 1373 1112 1426 est
1134 1382 1212 1425 usus
1232 1358 1362 1436 horum,

409 1462 491 1529 sicut
517 1464 563 1529 eis
585 1462 771 1529 exercitium
798 1463 1046 1551 praemissorum.
1098 1464 1151 1527 Eo
1172 1484 1250 1547 ergo
1270 1460 1363 1525 mise·

408 1563 574 1630 rabiliores
594 1576 681 1641 sunt,
705 1588 772 1650 quo
794 1564 951 1631 miseriam
974 1588 1064 1630 suam
1080 1586 1145 1628 non
1167 1572 1362 1648 agnoscuut3

408 1660 489 1726 dum
504 1662 622 1747 seipsos
635 1659 763 1739 fallunt,
779 1662 814 1727 id
829 1675 961 1748 agentes
974 1663 1006 1726 in
1025 1663 1133 1728 studio
1155 1661 1310 1740 veritatis,
1324 1673 1363 1725 ut

408 1761 491 1826 nihil
507 1763 622 1827 sciant:
644 1763 846 1848 nequeenim
863 1786 882 1827 a
896 1761 995 1840 fideli,
1010 1762 1071 1827 nisi
1091 1761 1282 1827 humilitatis
1301 1761 1365 1840 vio,

409 1861 569 1949 quaeritur
588 1862 714 1927 veritas.
760 1862 812 1927 Sic
834 1863 959 1929 Pilatus
979 1862 1125 1929 veritatis
1144 1862 1256 1927 audita
1278 1883 1364 1925 men-

408 1965 506 2045 tione,
521 1963 601 2050 quid
616 1979 697 2029 esset
712 1962 935 2051 interrogavit:
958 1963 1016 2029 sed
1031 1963 1203 2030 infidelitas
1217 1985 1361 2051 quaeren-

411 2065 454 2129 tis
467 2064 546 2151 egit,
557 2077 593 2130 ut
609 2064 773 2132 docentem
788 2080 862 2131 ante
877 2067 1023 2132 tumidus
1036 2065 1210 2133 declinaret
1223 2065 1364 2146 auditor,

410 2186 506 2253 quam
522 2188 619 2231 sacrm
634 2167 846 2254 responsionis
861 2167 1073 2234 instrueretur
1086 2166 1225 2233 oraculo.

469 2422 548 2509 Cap.
565 2431 595 2489 7.
619 2424 714 2493 Quod
726 2428 917 2511 nupiquum
930 2431 1136 2493 ventilatores
1150 2428 1303 2492 tiedocers¹

723 2536 859 2611 oportet,
872 2537 909 2593 ut
924 2532 1041 2594 sciant.

457 2682 532 2751 Non
554 2697 670 2762 tamen,
687 2696 723 2751 ut
744 2688 777 2751 in
800 2686 949 2773 Logicam
970 2688 1115 2765 invehar,
1130 2688 1198 2752 hoec
1218 2708 1363 2773 propono

414 2786 555 2865 (scientia
578 2790 661 2851 enim
680 2786 826 2873 jucunda
846 2800 905 2865 est,
921 2800 954 2851 et
974 2788 1150 2865 fructuosa)
1167 2787 1222 2851 sed
1242 2798 1280 2850 ut
1299 2784 1364 2850 illis

410 2908 480 2951 eam
494 2888 618 2974 liqueat
640 2908 702 2952 non
726 2886 848 2967 adesse,
861 2886 921 2973 qui
942 2888 1080 2953 clamant
1102 2885 1316 2973 incompitis,
1330 2898 1364 2950 et

408 2987 444 3053 iu
466 2988 571 3053 triviis
592 2988 722 3067 docent,
742 2998 774 3052 et
796 2987 828 3051 in
848 3011 897 3065 ea,
921 3009 1018 3075 quam
1041 2988 1138 3053 solam
1162 2987 1364 3073 profitentur,

410 3112 475 3156 non
491 3090 692 3172 decennium,
712 3103 770 3156 aut
784 3090 977 3170 vicennium,
998 3093 1053 3158 sed
1074 3102 1175 3157 totam
1198 3112 1365 3177 consump-

410 3204 524 3259 serunt
541 3205 687 3259 aetatem.·
724 3194 807 3257 Nam
823 3205 855 3258 et
869 3217 971 3281 quum
988 3212 1133 3261 senectus
1147 3193 1281 3280 ingruit,
1296 3216 1364 3258 oor·

410 3318 472 3382 pus
498 3306 640 3373 enervat,
667 3316 817 3359 sensuum
840 3297 984 3363 retundit
1007 3298 1165 3382 acumina,
1189 3310 1222 3363 et
1244 3319 1364 3385 praece·

410 3397 521 3461 dentes
534 3398 713 3484 comprimit
728 3397 921 3485 voluptates,
935 3403 1002 3465 sola
1016 3400 1085 3467 haec
1099 3400 1131 3465 in
1147 3421 1203 3466 ore
1214 3398 1364 3480 volvitur,

410 3512 557 3564 versatur
570 3499 603 3563 in
620 3498 777 3577 manibus,
793 3513 825 3565 et
839 3498 910 3566 aliis
923 3503 1073 3568 omnibns
1087 3501 1203 3569 studiis
1217 3501 1364 3587 praeripit

409 3600 524 3665 locum.
571 3602 670 3667 Fiunt
686 3603 797 3690 itaque
811 3603 843 3667 in
861 3604 1042 3690 puerilibus
1058 3604 1237 3672 Academici
1253 3607 1363 3681 Senes,

410 3725 535 3768 omnem
551 3704 721 3783 dictorum,
734 3717 791 3770 not
807 3708 1001 3792 scriptorum
1016 3707 1185 3773 excutiunt
1196 3705 1364 3791 syllabam,

410 3807 475 3871 imo
490 3819 522 3871 et
538 3805 680 3883 literam;
701 3808 886 3875 dubitantes
900 3808 942 3872 ad
956 3809 1075 3889 omnia,
1089 3822 1271 3897 quaerentes
1285 3830 1365 3873 sem-

410 3928 480 3993 per,
495 3908 550 3972 sed
567 3930 730 3995 nunquam
747 3908 787 3973 ad
804 3908 967 3974 scientiam
983 3910 1222 3996 pervenientes:
1245 3925 1278 3975 et
1293 3922 1364 3976 tan-

411 4008 484 4072 dem
521 4022 754 4076 convertuntur
783 4009 824 4075 ad
854 4011 1088 4098 vaniloquium,
1118 4034 1156 4076 ac
1191 4011 1364 4077 nescientes

411 4109 492 4197 quid
507 4114 692 4200 loquantur,
707 4125 764 4177 aut
785 4112 825 4177 de
846 4112 966 4199 quibus
985 4127 1140 4191 asserant,
1154 4136 1276 4179 errores
1290 4134 1363 4177 con-

411 4211 494 4277 dunt
516 4234 626 4291 novos,
642 4226 674 4279 et
694 4213 900 4299 antiquorum
921 4227 978 4279 aut
1000 4214 1156 4294 nesciunt,
1175 4227 1233 4278 aut
1253 4210 1364 4296 dedig-

409 4327 527 4381 nantur
550 4315 723 4380 sententias
746 4315 874 4380 imitari.
920 4316 1103 4403 Compilant
1125 4315 1267 4379 omnium
1293 4311 1363 4398 opi·

410 4418 531 4496 triones,
546 4431 578 4483 et
593 4441 629 4483 ea
652 4441 726 4504 quae
749 4418 844 4486 etiam
861 4442 880 4483 a
896 4418 1056 4485 vilissimis
1073 4418 1160 4483 dicta
1181 4416 1230 4481 vel
1245 4414 1364 4502 scripta
