3625 5317
487 781 552 841 360
746 797 882 842 soaarus
897 796 1177 842 sanasaaarausra

489 948 532 1011 sit
546 948 592 1010 eis
608 949 641 1010 iu
652 948 724 1030 ipso
736 949 878 1012 cohaeres
890 950 1118 1014 consolationIs
1129 958 1162 1011 et
1176 950 1297 1031 gloriae.
1335 949 1438 1033 Cujus

487 1061 522 1112 ut
537 1050 648 1112 merita
669 1048 784 1112 clarius
806 1051 1000 1123 elucescant,
1015 1070 1171 1113 summam
1187 1051 1437 1114 conversationis

486 1150 555 1234 ejus
569 1151 751 1212 succinctus
765 1163 797 1212 et
816 1149 990 1214 admodum
1008 1152 1114 1213 brevis
1137 1172 1239 1214 sermo
1263 1164 1435 1235 percurrat.

485 1251 570 1312 Nam
584 1261 743 1332 gestorum
758 1250 827 1334 ejus
846 1252 960 1314 seriem
978 1274 1085 1328 nosse,
1099 1253 1127 1315 si
1141 1253 1192 1315 cui
1209 1254 1288 1316 sorte
1310 1254 1344 1315 iu
1360 1264 1433 1316 voto

484 1363 542 1427 est,
563 1374 581 1414 a
603 1352 738 1434 mugnis,
760 1375 832 1436 quta
855 1355 896 1416 ab
921 1354 978 1416 illo
1003 1353 1099 1417 etde
1121 1355 1176 1416 illo
1202 1355 1321 1438 scripta
1347 1366 1434 1430 sunt,

482 1451 697 1516 voluminibus
711 1453 772 1514 erit
785 1453 971 1516 mutuanda.
1009 1455 1058 1518 Ut
1070 1465 1196 1518 constet
1210 1453 1253 1516 ad
1268 1474 1433 1516 commen·

482 1555 642 1618 dationem
658 1555 769 1637 gratiae
783 1555 855 1631 Dei,
867 1577 939 1639 quae
953 1556 1009 1619 ubi
1026 1557 1092 1618 cult
1107 1556 1217 1639 spirat,
1228 1577 1325 1640 quam
1339 1556 1428 1618 brevi

481 1657 647 1721 interuallo
662 1657 814 1719 variamur
830 1657 1077 1738 occupationum
1093 1657 1270 1738 expleuerit
1286 1668 1430 1739 tempora

480 1760 590 1835 multa,
605 1756 749 1820 indicant
762 1757 824 1821 hoc
841 1758 986 1839 epistolae
1000 1758 1081 1842 ejus,
1096 1771 1131 1820 et
1147 1758 1266 1838 scripta
1284 1757 1429 1832 aliorum,

478 1861 575 1942 plena
590 1872 622 1920 ct
637 1858 734 1938 digna
748 1857 862 1932 relatu,
876 1879 948 1940 quaa
963 1868 1030 1920 tam
1043 1869 1218 1942 praesentes
1233 1877 1330 1939 quam
1350 1877 1425 1938 pos-

478 1971 574 2037 teros,
588 1959 614 2022 si
633 1958 806 2040 diligenter
823 1958 1047 2043 inspiciantur,
1062 1959 1102 2022 ad
1117 1959 1262 2028 virtutem
1278 1971 1428 2048 poterunt

477 2082 627 2128 animare.

663 2228 840 2294 INCIPIT
862 2227 968 2293 VITA
991 2228 1024 2291 S.
1047 2227 1235 2290 THOMAE.

517 2381 718 2442 Panurcrns
732 2380 830 2461 igitur
842 2380 1046 2443 beatissimus
1059 2379 1202 2441 Thomas
1218 2379 1423 2443 Londoniea-

472 2480 518 2542 sis
533 2478 620 2542 urbis
635 2478 797 2558 indigena,
807 2491 977 2560 pareutum
988 2480 1197 2543 mediocrium
1211 2482 1320 2564 proles
1333 2482 1423 2544 illus·

472 2581 536 2652 tals,
564 2601 583 2642 a
607 2579 717 2663 primis
745 2578 971 2643 adolescentiae
996 2581 1091 2644 annis
1119 2580 1221 2661 gratia
1248 2582 1421 2666 multipIIci

471 2681 589 2747 ditatus
618 2693 677 2745 est.
720 2681 800 2744 Erat
829 2680 914 2743 euiua
944 2692 1064 2744 statura
1095 2701 1258 2764 procerus,
1286 2681 1421 2746 decorus

470 2783 582 2854 forma,
596 2779 727 2860 ingenio
742 2775 926 2861 perspIcax,
938 2778 1044 2840 dulcis
1058 2788 1091 2840 et
1099 2777 1267 2860 jucundus
1279 2780 1419 2863 eloquio,

470 2892 503 2944 ct
533 2891 697 2943 venustate
726 2898 848 2968 morum
878 2898 937 2960 pro
962 2889 1055 2941 aetate
1081 2879 1239 2955 amabilis,
1264 2890 1419 2964 tantoque

468 2982 600 3046 rationis
623 2981 749 3063 vigebat
774 2979 921 3043 acumine
947 2990 983 3041 nt
1006 2978 1178 3063 prudenter
1200 2979 1361 3044 inauditas
1384 2993 1421 3045 et

468 3083 614 3146 difficiles
625 3085 761 3146 solveret
775 3081 979 3164 questiones,
993 3080 1141 3164 adeoque
1155 3081 1240 3144 felici
1256 3081 1418 3163 gaudebat

466 3184 617 3248 aremorin
630 3194 667 3246 ut
681 3205 754 3265 quae
769 3183 866 3244 semel
888 3182 923 3244 in
944 3182 1112 3244 sententiis
1134 3193 1191 3245 aut
1204 3183 1309 3246 verbis
1331 3183 1417 3247 didi-

467 3283 651 3359 caractere
678 3283 803 3365 quoIIes
828 3283 969 3356 volebat,
995 3292 1104 3365 posset
1129 3282 1200 3346 sine
1226 3282 1415 3349 difficultate

465 3384 613 3470 prolerre.
660 3381 756 3456 Quod
785 3383 876 3445 mttlti
901 3383 1088 3447 literatiores
1113 3385 1241 3467 assequi
1269 3388 1337 3449 uon
1360 3407 1414 3450 va·

464 3490 579 3565 lentes,
615 3497 735 3550 tantam
772 3485 890 3547 mentis
928 3486 1136 3560 alacritatem,
1164 3487 1339 3568 pracsertim
1377 3490 1414 3552 iu

462 3591 593 3654 homine
608 3588 701 3652 variis
715 3586 978 3671 occupationibus
993 3586 1116 3666 dedito,
1130 3588 1292 3652 miraculis
1313 3590 1412 3654 ascri-

461 3691 589 3752 bebant.
636 3687 689 3751 Sic
713 3686 797 3750 enim
818 3685 928 3749 nutrix
951 3687 1053 3766 gratia
1076 3689 1216 3750 firtumm
1240 3710 1413 3774 prosaque.

462 3789 555 3850 batur
583 3787 767 3862 antistitem,
792 3798 829 3849 ut
856 3783 884 3846 ei
914 3785 949 3847 in
979 3786 1203 3850 collationibus
1233 3803 1288 3851 aut
1317 3808 1419 3854 cursu

461 3887 626 3967 sermonis,
641 3899 676 3951 ut
690 3887 754 3950 dici
776 3887 866 3964 solet,
880 3885 923 3950 ad
947 3908 1076 3950 manum
1098 3889 1279 3953 necessaria
1302 3890 1412 3954 miuis·

462 4003 564 4056 traret.

503 4095 554 4158 Ab
575 4094 705 4157 ineunte
728 4101 831 4154 autem
855 4100 957 4167 aetate,
972 4090 1056 4153 sicut
1077 4090 1192 4153 referre
1214 4093 1327 4156 solitus
1348 4105 1409 4168 est,

460 4197 574 4262 didicit
588 4217 608 4259 a
622 4207 721 4258 matre
736 4193 881 4255 timorem
897 4192 1039 4267 DomIni,
1050 4206 1083 4255 et
1096 4193 1223 4256 beatam
1240 4194 1304 4258 Dei
1319 4195 1409 4278 geni·

459 4299 569 4362 tricem
593 4297 739 4371 Mariam,
761 4305 913 4373 tanquam
936 4292 1050 4355 ducem
1073 4295 1195 4358 viarum
1219 4317 1358 4372 suarum,
1376 4308 1410 4360 et

459 4404 528 4467 vitae
555 4407 733 4484 patronam,
759 4395 884 4459 dulcius
913 4397 1073 4477 invocare,
1098 4412 1131 4464 et
1156 4399 1188 4466 in
1216 4401 1302 4467 illum
1333 4411 1408 4485 post
