3625 5317
449 754 492 813 24
716 766 854 812 scaurus
869 764 1148 811 sssasararsrrsrs
1286 751 1371 825 [cra.
1389 768 1412 813 r.

453 917 632 983 tributione
655 916 818 981 mercedis.
862 915 979 982 Gracc
999 916 1103 1002 plebs,
1122 926 1155 981 et
1180 916 1331 998 Hebroea,
1345 916 1414 982 sine

455 1031 688 1105 praeceptorum
725 1016 924 1096 difficultate,
959 1017 1079 1103 linguas
1117 1040 1185 1082 suae
1222 1017 1414 1104 compendio

458 1120 580 1185 utitur:
613 1134 645 1185 et
661 1131 726 1185 tam
742 1119 842 1198 Galli,
857 1143 955 1207 quam
979 1119 1138 1197 Britones,
1153 1133 1187 1183 et
1209 1118 1281 1183 aliae
1300 1121 1414 1186 itidem

456 1236 581 1307 gentas,
590 1222 812 1287 commercium
825 1223 925 1299 verbi,
935 1234 1009 1287 ante
1020 1246 1040 1286 a
1050 1222 1212 1287 nutricum
1223 1222 1306 1297 sinu,
1316 1244 1415 1307 quam

460 1348 480 1389 a
506 1325 659 1390 cathedra
684 1324 852 1390 doctorum
878 1324 1052 1412 excipiunt.
1097 1324 1242 1389 Nutricis
1271 1323 1415 1409 linguam

458 1428 650 1517 plerumque
665 1428 787 1494 redolet
809 1442 887 1495 retas
901 1428 1023 1493 virilis:
1053 1450 1111 1492 nec
1125 1440 1231 1515 potest
1252 1428 1414 1492 interdum

461 1530 502 1595 ab
517 1554 565 1611 eo,
579 1530 666 1616 quod
683 1531 821 1595 tenerior
835 1540 913 1594 aetas
928 1528 1083 1605 ebiberat,
1097 1527 1264 1592 doctorum
1279 1527 1415 1612 diligen·

461 1633 506 1696 tia
521 1631 651 1697 erudiri.
696 1635 801 1707 Quam
825 1646 910 1697 reete
931 1629 1121 1717 loquuntur,
1136 1652 1233 1715 quam
1255 1629 1415 1715 expedite,

462 1735 597 1819 singulte
612 1745 734 1820 gentes,
745 1734 777 1797 in
794 1733 923 1819 linguis,
937 1755 1017 1820 quas
1031 1729 1077 1796 eis
1091 1731 1212 1796 decreti
1227 1731 1327 1796 divini
1342 1755 1416 1797 con·

461 1837 585 1901 stitutio
607 1834 802 1921 assignavit!
836 1836 995 1923 Nunquid
1018 1848 1118 1900 artem
1137 1834 1288 1900 orationis
1306 1857 1416 1923 expec-

462 1950 543 2015 tant,
566 1952 621 2002 aut
643 1951 804 2024 praecepta
825 1937 1044 2023 eloquentia?
1076 1939 1252 2015 Postremo,
1267 1937 1348 2025 quid
1369 1950 1418 2001 est

462 2038 654 2123 eloquentiae
679 2062 752 2103 cum
779 2038 1008 2125 philosophia?
1039 2039 1137 2104 altera
1163 2040 1249 2103 enim
1274 2039 1417 2105 consistit

463 2139 495 2204 in
519 2139 627 2220 verbo,
641 2143 741 2205 altera
762 2140 931 2227 sapientias
944 2140 1011 2205 rias
1030 2140 1169 2215 affectat,
1186 2140 1367 2225 investigat,
1385 2152 1418 2206 et

464 2243 586 2318 circuit,
599 2256 631 2307 et
647 2243 807 2308 interdum
825 2265 881 2330 pro
896 2242 1005 2307 studio
1019 2241 1186 2307 efficaciter
1196 2242 1418 2329 apprehendit.

464 2342 563 2409 Plane
575 2345 765 2429 eloquentiae
779 2358 941 2432 praecepta
955 2343 1142 2430 sapientiam
1154 2364 1216 2407 nou
1228 2344 1416 2411 conferunt:

465 2445 519 2511 sed
536 2465 593 2508 nec
608 2467 746 2510 amorem
768 2447 856 2532 ejus:
887 2459 919 2510 et
943 2446 1113 2532 saepissime
1135 2444 1264 2532 quidem
1287 2445 1317 2509 ei
1338 2446 1420 2512 obti-

465 2546 577 2612 nendae
604 2569 665 2610 non
692 2546 860 2611 conferunt
919 2547 984 2611 Res
1010 2549 1092 2611 enim
1124 2546 1336 2635 philosophia,
1362 2560 1420 2612 aut

466 2646 538 2709 linis
568 2646 648 2734 ejus,
678 2668 752 2731 quae
781 2658 827 2711 est
862 2646 1028 2730 sapientia,
1059 2646 1187 2732 quaerit,
1218 2669 1280 2710 non
1310 2648 1419 2712 verba.

468 2750 583 2835 ltaque
606 2770 645 2811 ex
673 2746 721 2811 his
744 2746 857 2833 liquet,
882 2747 960 2833 quia
982 2761 1143 2835 praecepta
1166 2748 1357 2835 eloquentiae
1378 2750 1419 2815 ab

469 2852 575 2941 operis
590 2852 654 2918 suis
669 2849 871 2939 philosophia
885 2851 1037 2917 eliminat.

591 3007 672 3091 Cap.
688 3013 718 3071 7.
741 3006 793 3071 Dc
807 3008 1079 3072 commendatione
1092 3008 1289 3092 eloquentia.

510 3124 732 3187 tlonmcarun
745 3121 814 3186 haec
829 3122 944 3187 domus
957 3121 1077 3188 insulsa
1090 3124 1168 3203 (suis
1183 3139 1286 3191 tamen
1303 3126 1419 3209 verbis)

467 3234 499 3286 et
515 3244 611 3307 quam
628 3234 752 3286 constat
768 3224 869 3287 totius
883 3223 1001 3311 eloquii
1013 3228 1237 3315 contempsisse
1251 3243 1422 3316 praecepta.

470 3322 560 3387 Sicut
584 3322 665 3387 euim
692 3322 733 3387 de
758 3323 860 3411 seipsa
890 3340 1038 3407 testatur,
1063 3329 1208 3414 gravium
1240 3344 1422 3418 temporum

467 3449 665 3513 casuumque
691 3448 754 3491 non
781 3442 886 3514 potest
913 3430 1008 3494 simul
1033 3454 1144 3496 curare
1165 3432 1364 3518 juncturam,
1390 3447 1422 3497 et

468 3529 697 3594 constructioni
718 3551 868 3595 sensuum
889 3556 1018 3619 operam
1034 3533 1118 3613 dare¹
1155 3536 1256 3612 Esto,
1272 3534 1425 3621 loquatur

467 3631 561 3709 falso,
578 3631 655 3695 dum
677 3654 785 3696 verum
808 3634 935 3711 sentiat,
951 3634 1005 3698 sed
1026 3634 1121 3723 plane
1141 3659 1203 3701 non
1218 3637 1423 3724 adquiescet:

469 3732 547 3820 quia
562 3734 657 3797 homo
671 3756 725 3799 ore
741 3736 890 3814 mendax,
905 3749 937 3800 et
953 3734 1069 3824 spiritu
1090 3738 1204 3803 salsum
1221 3737 1377 3826 loquitur,
1392 3752 1426 3803 et

468 3834 584 3899 falsum
612 3835 716 3901 sentit.
772 3836 828 3903 Ait
853 3839 948 3914 enim,
976 3838 1139 3926 superflua
1165 3855 1241 3906 sunt
1266 3854 1426 3929 praecepta

469 3936 669 4023 eloquentiae,
689 3940 839 4025 quoniam
862 3964 900 4006 ea
920 3942 1109 4007 naturaliter
1127 3942 1228 4019 adest,
1249 3958 1306 4009 aut
1326 3944 1426 4009 abest.

471 4039 569 4118 Quid,
586 4040 728 4128 inquam,
742 4041 873 4123 fqlsius?
901 4045 962 4108 Est
978 4043 1061 4108 enim
1080 4044 1275 4134 eloquentia,
1291 4046 1428 4112 facultas

469 4140 595 4205 dicendi
623 4142 799 4217 commode,
823 4144 912 4229 quod
937 4143 995 4208 sibi
1023 4145 1094 4211 vult
1119 4147 1244 4211 animus
1270 4148 1427 4235 expediri.

471 4243 564 4321 Quod
582 4240 663 4307 enim
686 4244 718 4307 in
735 4244 844 4310 abdito
864 4246 969 4310 cordis
983 4261 1042 4327 est,
1057 4247 1118 4311 hoc
1140 4250 1380 4336 quodammodo
1394 4250 1427 4315 in

470 4342 570 4409 lucem
595 4345 728 4435 profert,
750 4357 781 4410 et
804 4345 953 4435 producit
979 4346 1010 4413 in
1037 4349 1213 4437 publicum.
1262 4351 1427 4441 Siquidem
