3625 5317
483 795 543 857 100
744 810 880 855 romnis
897 806 1177 854 saansaaaronsrs
1296 794 1380 867 [cra.
1399 809 1436 855 rr.

481 976 512 1029 et
543 960 659 1026 animal
681 961 888 1047 significatur,
911 974 943 1025 et
966 958 1081 1024 animal
1105 982 1208 1043 genus
1239 982 1345 1025 rerum
1367 975 1436 1024 eat:

480 1076 528 1128 est
534 1062 616 1126 enirn
624 1062 834 1147 significatum
846 1059 980 1142 rocio,in
991 1060 1077 1147 qnod
1091 1060 1266 1136 descendit,
1277 1076 1333 1127 aut
1345 1061 1440 1148 quod-

480 1162 605 1227 animus
619 1163 849 1229 rationabiliter
858 1163 995 1250 concipit
1010 1186 1049 1225 ex
1062 1162 1268 1227 voceaudita.
1315 1164 1434 1247 Itaque

481 1264 538 1349 qui
561 1263 652 1328 audit
682 1264 763 1329 hanc
787 1285 894 1329 vocem
919 1264 1026 1340 homo,
1056 1286 1113 1327 nec
1135 1285 1245 1328 omnes
1276 1263 1434 1350 percurrit

481 1365 623 1429 homines
639 1366 802 1451 (quoniam
820 1366 880 1429 hoc
895 1365 1067 1440 inlinitum,
1080 1378 1112 1429 et
1129 1365 1210 1429 vires
1225 1365 1361 1447 excedit)
1378 1386 1436 1427 nec

481 1478 609 1532 tenatur
638 1465 670 1531 in
702 1491 777 1545 uno,
807 1468 956 1554 quoniam
987 1468 1047 1531 lroc
1076 1468 1310 1554 imperfectum,
1341 1480 1373 1532 ct
1393 1466 1434 1529 nd

481 1566 655 1633 doctrinam
673 1591 797 1656 parurn.
844 1568 895 1633 Sic
910 1568 1008 1654 etqui
1024 1568 1136 1634 definit
1150 1570 1265 1634 animal
1277 1592 1345 1633 esse
1359 1570 1434 1632 anb-

480 1672 627 1735 stantiam
652 1671 835 1747 animatam,
851 1681 950 1755 atque
973 1668 1162 1739 sensibilem,
1180 1692 1242 1733 non
1267 1692 1365 1734 unum
1380 1668 1435 1731 ali-

484 1769 575 1855 quid,
587 1794 643 1835 nec
654 1771 887 1857 imperfectum,
898 1793 956 1835 nec
966 1792 1070 1834 omme
1086 1769 1208 1845 delinit,
1220 1793 1258 1834 ne
1272 1770 1391 1834 laboret
1402 1769 1434 1832 io

482 1872 654 1938 inlinitum.
700 1873 869 1959 Singnlnm
899 1872 982 1935 enim
1013 1872 1128 1936 horum
1159 1893 1221 1936 non
1252 1872 1434 1958 simpliciter

480 1970 560 2057 quid
576 1972 745 2057 significat,
757 1985 814 2036 aut
829 1970 953 2043 definit,
969 1971 1024 2035 sed
1036 1971 1145 2057 potins
1158 1972 1355 2059 qualequid,
1371 1994 1433 2036 non

479 2072 561 2135 enim
579 2070 764 2157 simpliciter
781 2071 852 2148 hoc,
865 2071 918 2134 sed
933 2071 1040 2154 potius
1051 2071 1131 2157 quid
1142 2073 1217 2137 tale.
1264 2072 1372 2137 Simile
1387 2086 1434 2137 eat

481 2171 569 2259 qnod
602 2172 745 2237 Galenus
773 2173 805 2236 in
836 2170 924 2257 τέχνῃ
950 2171 1137 2238 medicinam
1168 2178 1245 2239 dicit
1267 2180 1433 2241 scientiam

479 2282 1066 2356 aanoramagrorommrneuoorom.
1077 2280 1150 2342 Non
1161 2277 1434 2364 inquit,omnium,

480 2375 630 2460 qnoniam
653 2375 713 2440 hoc
735 2376 916 2440 infinitum:
942 2397 1004 2439 non
1035 2377 1251 2463 quorundam,
1282 2381 1432 2467 quoniam

483 2476 544 2541 hoc
554 2478 593 2542 ad
606 2492 706 2543 artem
715 2476 949 2564 imperfectum,
961 2478 1014 2542 aed
1023 2483 1266 2565 potiusquomm
1276 2468 1432 2567 qualium.

484 2578 565 2644 Item
598 2576 805 2643 Aristoteles:
838 2580 976 2656 Genera,
998 2579 1114 2667 inquit,
1138 2596 1171 2648 et
1200 2584 1329 2670 species,
1350 2586 1434 2649 circa

481 2682 703 2757 substantiam,
719 2680 907 2769 qualitatem
929 2682 1158 2750 determinant:
1181 2689 1342 2751 nonenim
1359 2690 1433 2752 sim·

477 2783 601 2871 pliciter
615 2786 706 2870 quid,
729 2784 783 2848 sed
800 2786 941 2870 quodam
966 2784 1059 2849 modo
1074 2790 1171 2869 nicole
1192 2792 1273 2872 quid
1285 2789 1434 2855 determi-

477 2902 566 2953 nant.
613 2891 693 2954 ltem
717 2887 748 2951 in
773 2887 944 2951 Elenchis:
968 2887 1065 2952 homo
1085 2902 1119 2954 et
1140 2913 1233 2955 omne
1254 2914 1432 2971 commune,

477 3012 539 3055 oon
555 2993 611 3054 loc
624 2992 762 3073 olr'qro'd,
778 2991 834 3053 red
846 2994 944 3073 quale
957 2992 1043 3072 qaid,
1059 2990 1107 3055 vel
1126 2993 1170 3057 od
1190 2996 1315 3077 aliquid
1328 2998 1433 3078 atiquo

476 3093 575 3167 modo,
593 3091 640 3155 rel
657 3093 839 3171 hujusmodi
853 3090 932 3176 quid
950 3088 1116 3175 significat.
1155 3096 1199 3158 Et
1215 3108 1429 3182 postpauca:

477 3192 681 3257 manifestum
708 3192 859 3277 quoniam
881 3214 943 3255 non
965 3192 1107 3257 dandum
1129 3200 1186 3259 lroc
1207 3200 1429 3281 aliquidem,

477 3291 1427 3387 quorlcommuniterpraedicaturdeomnibus‚sedautquale,

477 3405 533 3461 ant
549 3392 588 3456 ad
605 3392 739 3477 aliquid,
753 3406 809 3456 aut
825 3407 1063 3479 quantum‚aut
1079 3397 1190 3464 talium
1207 3400 1431 3489 qnid,oignili·

477 3518 557 3561 care.
588 3493 735 3560 Proiecto
751 3494 837 3579 quod
853 3518 913 3560 non
925 3511 971 3562 eat
986 3501 1188 3585 localiquid,
1200 3503 1429 3589 significatione

476 3620 624 3685 expressa
638 3618 700 3660 non
717 3611 819 3683 potest
840 3604 1004 3687 explanari
1020 3603 1097 3689 quid
1113 3604 1165 3669 sit.
1211 3608 1426 3673 Exiatentinm

476 3700 558 3767 enim
580 3724 599 3764 o
620 3712 734 3763 natura
753 3714 859 3767 certus
882 3717 929 3768 est
944 3704 1026 3787 finis,
1041 3718 1073 3771 et
1093 3707 1220 3793 singula
1238 3709 1306 3773 auis
1324 3711 1367 3774 ab
1381 3710 1427 3773 in·

476 3804 573 3867 vicem
589 3802 839 3887 proprietatibus
854 3804 989 3872 discreta
1005 3822 1092 3885 sunt,
1108 3810 1163 3875 aad
1180 3812 1364 3875 eorumdem
1379 3826 1426 3876 eat

476 3902 666 3989 plerumque
696 3904 800 3971 minus
830 3907 919 3973 finita
948 3912 1100 3995 cognitio,
1127 3927 1159 3977 et
1189 3914 1427 4000 quodammodo

476 4004 638 4091 conceptio
661 4028 750 4091 vaga.
796 4013 865 4073 Noc
887 4010 956 4075 iotis
976 4014 1176 4099 praejudicat,
1194 4016 1282 4103 quod
1305 4018 1372 4082 fere
1393 4017 1426 4083 in

474 4108 615 4173 omnium
632 4132 686 4173 ore
700 4110 823 4174 celebre
839 4125 896 4187 est,
912 4113 1000 4177 aliud
1013 4116 1130 4180 scilicet
1141 4120 1304 4206 essequod
1317 4121 1425 4208 appel·

474 4208 570 4275 lativa
581 4211 770 4297 significant,
782 4225 814 4276 et
829 4213 994 4277 aliudesse
1010 4220 1096 4302 quod
1110 4224 1285 4288 nominant.
1317 4223 1427 4288 Nomi-

473 4325 590 4376 nantor
602 4312 784 4399 singularia,
797 4313 849 4376 sed
864 4314 1052 4383 universalia
1066 4321 1296 4407 significantur.
1328 4326 1427 4390 Plane

475 4414 498 4475 si
530 4412 713 4493 relationem
750 4412 935 4500 simplicem,
966 4444 1039 4506 qnae
1067 4424 1103 4489 fit
1134 4427 1166 4489 in
1197 4448 1324 4512 genere,
1352 4428 1429 4514 quis
