3625 5317
1249 625 1279 676 Q

474 778 538 835 8⁰4
691 789 830 834 spartus
845 787 1135 848 saamnureusra,
1150 774 1212 835 &a

562 941 739 1006 Conutiurit
754 941 856 1017 vobis,
872 953 906 1005 et
921 940 1013 1004 dedit
1028 961 1101 1004 esee
1116 963 1246 1006 cocum.

476 1043 560 1108 Inde
575 1065 656 1126 puro
671 1043 762 1106 vobis
776 1063 879 1116 escas,
895 1043 1050 1105 alimenta
1063 1043 1220 1121 ministro,

560 1145 669 1208 Vitam
684 1163 850 1221 conservo,
865 1164 972 1226 panea
985 1163 1111 1206 reservo
1126 1143 1217 1207 mihi.

475 1244 572 1318 Quod
587 1243 673 1307 datis
688 1243 826 1327 accipio,
840 1255 1027 1328 susceptum
1043 1244 1204 1329 decoquo,
1218 1256 1348 1309 coctum

560 1345 727 1408 Distribno
742 1345 845 1420 vobis,
862 1346 982 1408 fercula
995 1366 1133 1429 quoeque
1147 1367 1234 1428 gero.

474 1447 509 1510 Si
524 1467 580 1509 vos
594 1445 750 1528 ingeritis,
764 1467 826 1526 ego
841 1445 971 1527 digero:
994 1445 1085 1529 quod
1098 1460 1208 1520 nocet,
1222 1447 1304 1510 illud

560 1547 688 1630 Egero:
712 1546 799 1630 quod
815 1547 957 1630 prodeat,
972 1546 1075 1610 hoece
1089 1553 1208 1631 cu'r'que
1223 1570 1310 1629 gero.

473 1651 601 1734 Pauper
615 1669 687 1711 uum
702 1669 819 1720 servus,
836 1648 883 1710 nil
897 1669 1030 1730 possum
1046 1669 1167 1731 ponere
1182 1650 1284 1727 robis,

560 1750 595 1813 Si
609 1751 657 1812 nil
673 1747 843 1812 consertis:
866 1769 942 1812 uam
958 1770 1030 1813 mea
1044 1751 1142 1831 byrsa
1155 1761 1259 1813 vacat

475 1852 546 1915 Nec
561 1851 696 1914 nimium
711 1871 798 1925 curo,
813 1871 874 1914 nec
890 1871 952 1932 ego
966 1851 1135 1914 minimum
1150 1849 1229 1913 mihi
1244 1871 1362 1935 quaero.

561 1952 601 2014 In
616 1949 723 2013 medio
738 1952 860 2033 positus
875 1962 952 2034 opto
965 1962 1074 2014 tenere
1087 1952 1230 2014 modum.

475 2055 504 2116 Α
518 2053 616 2116 nimio
632 2052 763 2115 veniunt
776 2050 915 2130 fastidia,
929 2053 1074 2131 crimina,
1089 2053 1232 2128 morbus,

562 2153 711 2236 crapula,
726 2153 862 2216 luxuriae
877 2154 943 2230 fax,
957 2154 1128 2237 laterisque
1143 2152 1244 2216 dolor.

474 2259 503 2319 A
517 2255 650 2318 minimo
666 2255 801 2318 veniunt
815 2255 939 2318 infestae
953 2255 1065 2318 mortis
1079 2255 1198 2335 imago,

560 2355 662 2418 Frons
677 2355 784 2432 tristis,
799 2355 898 2418 facies
913 2355 1046 2438 pallida,
1060 2357 1137 2419 laxa
1150 2355 1243 2419 cutia

474 2461 503 2521 A
517 2456 624 2520 medio
639 2457 772 2519 veniunt
786 2477 877 2519 meus
892 2478 1020 2539 semper
1034 2456 1150 2535 sobria,
1166 2477 1285 2540 corpus

560 2558 752 2634 Robustum,
766 2557 843 2620 felix
860 2557 936 2636 vita,
951 2579 1065 2622 serena
1078 2559 1181 2642 quies.

474 2659 563 2740 Ergo
578 2658 640 2720 sibi
655 2667 767 2720 caveat
782 2655 882 2732 dives,
897 2679 939 2720 ne
954 2656 1086 2720 devoret
1099 2657 1183 2719 ultra

559 2760 665 2832 Quam
680 2759 757 2822 satia
771 2769 804 2821 et
817 2779 940 2842 pauper
954 2769 1044 2821 curat
1058 2758 1176 2820 habere
1191 2777 1305 2839 parurn

474 2861 520 2924 Et
533 2881 601 2938 voa,
615 2860 643 2923 si
658 2859 781 2942 sapitis,
795 2871 917 2922 servate
931 2858 1064 2921 modum
1079 2858 1159 2920 mihi
1173 2856 1295 2935 dando,

562 2962 776 3044 Dispensator
789 2982 843 3024 ero
858 2981 918 3043 pro
928 2961 1051 3023 ratione
1065 2960 1143 3023 dati.

474 3065 568 3146 Saepe
583 3063 661 3125 mihi
679 3061 808 3140 dabitis,
825 3061 899 3144 quia
913 3061 1008 3123 vultis
1022 3082 1109 3144 aaepe
1124 3061 1244 3124 cibari:

560 3165 709 3248 Namque
724 3184 782 3246 per
797 3164 857 3226 hue
873 3163 966 3225 vobis
980 3163 1045 3225 vita
1054 3163 1204 3246 salusque
1219 3162 1324 3226 datur.

472 3264 610 3345 sargite,
626 3284 667 3326 ne
683 3261 791 3326 mortis
806 3263 940 3326 inducat
953 3263 1069 3326 inertia
1082 3283 1248 3326 somnum:

560 3363 682 3426 Somno
697 3359 827 3424 desidiae
837 3361 951 3446 judico
966 3383 1052 3445 supe
1066 3363 1156 3424 mori.

473 3463 624 3548 Turpiter
639 3461 811 3541 occumbit,
829 3483 925 3546 quem
939 3471 1049 3545 torpor
1064 3463 1216 3528 vulnerat.
1253 3465 1341 3545 Ergo

559 3563 696 3646 Surgite,
711 3584 795 3627 mors
810 3573 976 3648 properat:
999 3564 1114 3637 sentio,
1129 3564 1197 3627 vita
1210 3564 1318 3645 fugi&

474 3666 602 3728 Ventris
617 3664 659 3727 ad
672 3664 732 3728 has
748 3684 853 3736 voees,
869 3664 1084 3726 membromm
1096 3664 1192 3727 turba
1205 3665 1338 3727 resumit

561 3764 665 3839 Vires,
679 3776 712 3826 et
725 3762 852 3826 rediens
866 3762 973 3826 induit
985 3783 1074 3827 arma
1088 3764 1189 3846 vigor.

475 3865 624 3948 Surgunt,
640 3864 756 3926 officiis
772 3863 933 3942 insistunt,
948 3863 1057 3928 debita
1069 3863 1212 3943 solvunt,'

562 3965 734 4046 Invigilaut
749 3965 838 4048 operi
853 3965 982 4046 singula
996 3968 1141 4030 membra
1155 3989 1226 4031 auo.

474 4070 564 4142 Quos
578 4067 684 4132 socios
699 4066 773 4129 vitae
788 4067 865 4129 feeit
878 4077 1003 4143 natura,
1018 4068 1139 4131 laboris

560 4173 666 4253 Atque
682 4166 787 4230 oneris
802 4168 907 4231 socios
922 4179 1034 4231 mutua
1048 4190 1126 4233 eura
1139 4168 1225 4234 facit.

473 4272 529 4335 Sic
545 4271 634 4333 litem
651 4269 765 4351 sepelit
779 4268 853 4332 laeto
869 4269 1042 4332 eoncordia
1055 4270 1132 4344 fine,

561 4369 627 4434 Hie
642 4389 771 4454 quoque
787 4371 854 4434 vult
868 4367 967 4432 finem
982 4388 1110 4433 carmen
1125 4371 1247 4434 habere
1261 4393 1367 4435 auum.
