3625 5317
482 770 546 828 ost
741 778 875 825 romnus
891 776 1168 822 ssnrsunmensrs

569 930 741 1017 Sanguinis
757 943 794 996 ut
808 928 893 993 dicet
909 948 1033 1013 semper
1046 926 1164 991 hebere
1178 925 1273 991 sitim.
1370 929 1434 993 400

482 1032 609 1121 Decipit
625 1043 743 1109 oretor,
758 1034 880 1095 animos
894 1028 1078 1117 quicunque
1092 1029 1214 1095 seroces

565 1138 587 1201 J
590 1133 690 1199 udicis
704 1133 832 1219 alleget,
850 1142 886 1197 ut
899 1131 993 1197 cedet
1007 1132 1056 1196 irs
1068 1132 1186 1217 gravis.

481 1234 631 1301 Numinis
645 1247 692 1301 est
708 1236 874 1323 proprium
892 1233 1031 1297 misereri
1045 1254 1171 1319 semper
1183 1232 1226 1297 eb
1239 1234 1321 1320 ipso,

566 1340 640 1402 Hoc
656 1336 804 1423 quisquis
819 1349 971 1413 removet,
985 1334 1123 1419 deneget
1136 1356 1205 1399 esse
1221 1338 1339 1399 Deum.

633 1440 728 1515 Quod
741 1440 921 1521 desperatio
934 1440 1160 1521 blasphemium
1171 1442 1274 1519 perit.

481 1537 549 1615 Qui
567 1554 663 1627 neget
677 1562 746 1605 esse
762 1543 880 1617 Deum,
896 1538 990 1625 plene
1005 1538 1204 1621 blasphemet
1219 1552 1251 1603 et
1266 1537 1431 1624 ignescet

568 1642 606 1707 In
622 1664 655 1707 se
670 1640 844 1719 succendit,
860 1640 924 1706 teln
937 1662 1126 1727 crucemque
1141 1650 1242 1727 peret,

482 1746 638 1809 Provocat
652 1756 802 1811 oeternem
820 1755 966 1817 mortem,
981 1765 1079 1828 quem
1094 1764 1188 1806 nemo
1202 1763 1313 1807 cerere

568 1844 691 1911 Sufficit
706 1846 829 1932 ubsque
845 1845 927 1925 Deo,
941 1866 1037 1928 quem
1052 1844 1143 1908 furor
1157 1866 1225 1908 esse
1238 1855 1345 1929 neget.

480 1946 610 2013 Proficit
626 1968 703 2034 ergo
717 1944 808 2011 bouis
818 1944 909 2032 jugis
923 1944 1089 2010 meditatio
1103 1944 1226 2023 mortis,

567 2046 663 2115 Unde
678 2046 761 2135 perit
776 2048 907 2125 stultus,
922 2046 978 2133 qui
992 2046 1084 2112 timet
1098 2046 1221 2133 absque
1238 2045 1346 2111 modo.
1368 2046 1433 2108 490

790 2148 843 2213 Dc
856 2151 968 2211 timore
977 2147 1120 2230 prototo.

480 2252 543 2317 Est
559 2250 717 2336 mejeststi
732 2262 845 2335 gretm
861 2249 975 2315 modus
989 2247 1043 2313 ille
1057 2248 1203 2323 timendi,
1234 2302 1238 2307 .

565 2350 707 2416 Crimine
722 2350 779 2437 qui
795 2350 876 2415 vitet
891 2352 998 2416 omnin
1013 2372 1166 2437 spemque
1178 2351 1277 2431 fovet,

476 2452 541 2531 Qui
556 2450 812 2539 veritusjustum
830 2452 940 2519 recolit
955 2452 1083 2539 pietatis
1097 2467 1129 2517 et
1143 2453 1219 2517 iude

562 2556 584 2621 J
587 2552 689 2619 udicis
702 2552 848 2639 agnoscit
863 2576 977 2619 nomeu
992 2568 1023 2619 et
1040 2553 1115 2619 inde
1130 2556 1243 2643 petris,

477 2652 611 2745 Quique
626 2656 791 2743 potestatis
806 2656 849 2723 sic
863 2656 944 2722 irem
959 2656 1051 2733 vitet,
1068 2670 1103 2723 ut
1117 2658 1215 2722 instet
1368 2662 1430 2723 400

564 2758 724 2825 Dulcibus
736 2758 898 2845 obsequiis
911 2759 1122 2846 promeruisse
1135 2773 1269 2845 petrem.

818 2860 982 2945 Definitio
995 2863 1089 2926 cocis.

480 2964 545 3029 Aer
560 2962 698 3041 subtilis,
715 2982 809 3049 quem
825 2975 944 3049 guttur
953 2962 1071 3027 lormnt
1085 2976 1118 3029 et
1133 2963 1197 3027 oris

564 3060 707 3149 organa,
722 3062 779 3150 qui
795 3062 901 3128 sonitu
917 3062 1017 3149 posen
1031 3063 1074 3128 eb
1088 3084 1166 3127 eure
1180 3064 1264 3151 cepi,

476 3166 548 3231 Vox
563 3178 622 3245 est,
638 3186 712 3251 quer
727 3176 843 3229 reseret
856 3164 924 3241 uni,
941 3164 1021 3251 quid
1035 3166 1156 3251 cogitet
1171 3166 1262 3242 alter,

561 3268 664 3349 Inque
680 3265 780 3329 vicem
795 3264 901 3331 reddit
916 3266 1027 3354 pervio
1039 3266 1138 3331 corde
1152 3268 1223 3333 sibi.
1362 3271 1428 3334 500

519 3366 614 3443 Quod
625 3366 904 3449 Stoicursctolem
919 3370 1045 3433 inducit
1058 3372 1290 3435 mcessitctem.

475 3468 601 3537 Stoicus
615 3479 758 3533 erctntus
773 3466 842 3532 leto
856 3478 951 3550 putot
966 3490 1034 3533 esse
1048 3492 1173 3535 necesse

561 3574 698 3639 Currere
712 3582 827 3637 cuncte
842 3568 949 3646 modo,
964 3592 1031 3657 qno
1044 3571 1140 3637 modo
1154 3572 1238 3639 seclo
1250 3572 1370 3653 fluunt,

474 3674 626 3741 Numinis
639 3673 809 3740 arbitrium
825 3672 998 3759 disponens
1011 3673 1120 3737 omnis
1134 3673 1239 3739 lotum

560 3772 659 3849 Dicit,
674 3774 764 3861 quod
781 3775 889 3841 nullus
904 3796 1059 3839 evacuare
1073 3786 1190 3863 potest.

474 3874 554 3943 lnde
568 3874 785 3960 genethliacus
800 3876 921 3941 sollerti
937 3876 1039 3942 sidere
1053 3898 1132 3942 curo
1254 3892 1263 3907 ·
1363 3885 1426 3943 000

558 3974 681 4041 Circuit
696 3986 728 4039 et
744 3974 886 4041 tumidus
901 3991 1006 4043 verset
1020 3992 1197 4066 utrumque
1211 3984 1337 4067 polum,

470 4078 618 4143 Eventus
632 4074 744 4141 dulces
759 4076 930 4161 spondeus,
945 4078 1029 4143 mele
1043 4079 1162 4146 mulcet
1176 4081 1300 4145 amicos

557 4179 603 4244 Et
617 4174 715 4242 falsus
730 4190 818 4241 votes
832 4198 919 4263 sepe
935 4180 1045 4245 timere
1059 4180 1148 4259 fecit,

469 4282 777 4369 colligendorum
792 4292 909 4357 motus,
927 4292 964 4346 ut
979 4282 1110 4369 colliget
1125 4282 1220 4349 ostris

556 4386 645 4459 Fato,
659 4382 730 4469 pori
746 4381 854 4447 studio
865 4404 983 4449 numen
995 4396 1029 4449 et
1043 4398 1130 4449 ostro
1141 4384 1231 4449 colit.
1365 4387 1427 4450 olo
