3625 5317
810 782 990 831 eaoaooas.
1353 770 1373 827 9

424 930 544 996 domini
559 932 631 1009 mei,
647 931 698 996 cui
714 932 820 999 deesse
836 956 897 999 non
916 956 1057 1019 possum
1073 930 1254 997 sollicitudo
1275 934 1374 998 totius

425 1030 609 1109 Britannia,
626 1031 714 1119 quod
730 1033 770 1097 ad
783 1056 893 1099 causas
904 1033 1152 1110 Ecclesiasticus,
1164 1034 1241 1097 mihi
1253 1033 1375 1097 incum-

422 1132 488 1196 bat.
536 1132 587 1197 Ad
610 1134 690 1213 hoec,
713 1134 894 1199 sollicitudo
918 1134 961 1199 rei
991 1133 1164 1215 familiaris,
1185 1148 1217 1199 et
1239 1132 1374 1197 curiales

421 1257 528 1317 nugae,
549 1236 692 1300 studium
708 1236 941 1301 excludebant:
964 1239 1138 1302 amicorum
1161 1235 1375 1321 interpellatio

422 1358 474 1399 me
488 1336 555 1399 lere
570 1350 673 1402 totum
689 1339 907 1405 absorbuerat.
955 1338 1068 1426 ltaque
1084 1340 1209 1425 justum
1226 1337 1375 1418 arbitror,

422 1436 506 1499 utin
531 1437 589 1517 his,
611 1461 687 1525 quae
709 1452 826 1505 temere
845 1440 1033 1518 dictasunt,
1049 1439 1126 1503 mihi
1145 1441 1235 1504 venia
1249 1436 1375 1503 facilius

422 1536 647 1623 impendatur:
671 1544 697 1605 si
713 1542 790 1627 quid
812 1566 887 1607 vero
902 1542 1015 1607 exierit
1030 1542 1148 1629 aptius,
1163 1542 1192 1605 ei
1207 1541 1311 1627 gratia
1326 1564 1375 1604 re·

422 1638 556 1713 seratur,
573 1637 640 1703 sine
655 1664 721 1724 quo
732 1641 811 1705 nibil
821 1654 926 1728 potest
936 1642 1076 1704 humana
1089 1640 1266 1704 infirmitas.
1290 1644 1374 1704 Nam

423 1738 588 1822 ingenium
617 1739 714 1802 hebes
746 1753 807 1817 est,
836 1752 868 1803 et
898 1741 1049 1802 anemoria
1078 1738 1246 1813 infidelior,
1278 1761 1375 1823 quam

424 1852 461 1905 ut
471 1838 679 1923 antiquorum
692 1840 884 1904 subtilitates
895 1839 1068 1925 percipere,
1079 1854 1136 1904 aut
1151 1862 1225 1923 quae
1234 1838 1377 1925 aliquan-

423 1938 467 2003 do
481 1953 631 2025 percepta
647 1954 732 2016 sunt,
748 1940 871 2004 diutins
889 1940 1010 2003 valeam
1025 1940 1172 2003 retinere.
1216 1939 1374 2025 Linguam

423 2059 499 2101 vero
514 2037 688 2123 impolitam
708 2062 785 2115 esse,
807 2038 912 2124 stylus
935 2038 1003 2125 ipse
1021 2039 1190 2103 convincit.
1235 2038 1280 2104 Et
1298 2039 1376 2125 quia

424 2137 550 2225 Logicae
562 2142 685 2226 suscepi
698 2140 920 2227 patrocinium,
932 2141 1190 2204 Maracocrcon
1202 2140 1376 2227 inscriptus
1407 2174 1413 2183 ·

420 2254 468 2303 est
484 2240 575 2317 liber,
591 2263 687 2327 quern
703 2254 843 2326 quatuor
857 2240 1084 2317 voluminibus,
1096 2240 1137 2305 ad
1149 2241 1374 2306 recreationem

421 2338 559 2422 lectoris,
580 2340 777 2427 distinguere
799 2342 919 2407 curavi.
964 2346 1056 2406 More
1086 2343 1303 2423 scribentium,
1324 2365 1375 2407 res

421 2442 524 2505 varias
539 2441 725 2528 complexus
737 2464 819 2520 sum,
831 2465 913 2528 quas
928 2443 1065 2528 quisquc
1076 2443 1225 2529 probabit
1237 2467 1307 2521 suo,
1317 2458 1374 2508 aut

423 2544 617 2631 reprobabit,
633 2545 776 2609 arbitrio.

527 2660 594 2713 Sunt
605 2661 682 2724 bona,
692 2666 752 2713 sunt
763 2660 883 2729 quodam
895 2662 1044 2723 mediocria,
1056 2668 1117 2715 sunt
1127 2666 1196 2717 mala
1206 2663 1289 2735 plora,

562 2746 630 2808 Quae
640 2745 708 2813 legis
719 2746 760 2799 laic
771 2765 776 2798 :
795 2746 872 2799 aliter
883 2764 935 2798 non
945 2746 979 2799 fir
990 2749 1069 2801 Arite
1080 2748 1153 2801 liber.

424 2850 476 2915 Sic
504 2848 678 2915 Martialis:
703 2851 747 2913 sic
772 2862 804 2913 et
820 2874 894 2935 ego:
920 2851 1039 2913 malens
1065 2851 1109 2913 sic
1132 2853 1259 2935 nugari,
1277 2874 1374 2936 quarn

423 2949 464 3013 ad
480 2949 614 3013 formam
632 2948 841 3032 Ganymedis,
856 2948 980 3033 lepores
994 2950 1129 3033 agitare,
1145 2951 1195 3012 rel

529 3064 665 3117 Nocturna
673 3070 764 3135 patere
775 3082 854 3128 mero,
864 3070 956 3136 patere
968 3064 1068 3118 diuma.

424 3171 456 3233 N
459 3190 494 3231 ec
510 3168 702 3253 dedignatus
717 3190 799 3245 sum,
815 3168 1039 3232 modernorum
1052 3168 1192 3255 proferre
1204 3168 1375 3234 sententias

421 3290 501 3353 quos
511 3268 703 3355 antiquis,in
715 3268 885 3355 plerisque,
895 3269 1248 3354 proelerrenondubito.
1273 3272 1375 3357 Spero

421 3368 567 3455 equidem
584 3370 672 3455 quod
687 3369 819 3455 gloriam
843 3392 966 3446 eorum,
985 3370 1042 3456 qui
1057 3392 1142 3434 nunc
1165 3384 1251 3449 sunt,
1271 3386 1376 3457 poste-

420 3469 499 3535 ritas
528 3473 720 3537 celebrabit:
758 3472 904 3557 eoquod
928 3474 1103 3537 multorum
1139 3473 1258 3536 nobilia
1279 3474 1374 3538 mirer

420 3574 558 3658 ingenia,
574 3573 785 3659 investigandi
802 3571 1025 3651 subtilitatem,
1047 3572 1244 3658 diligentiam
1262 3574 1374 3652 studii,

420 3674 603 3739 felicitatem
630 3674 800 3749 memoriae,
827 3675 1068 3740 ioecunditatem
1100 3676 1225 3755 mentis,
1247 3688 1280 3739 et
1309 3678 1374 3740 oris

420 3775 616 3856 facultatem,
631 3788 663 3840 et
685 3775 807 3862 copiam
830 3776 929 3839 verbi.
975 3780 1026 3841 De
1041 3776 1184 3841 moribus
1206 3799 1281 3841 vero
1295 3800 1374 3841 non·

422 3876 510 3941 nulla
525 3876 659 3939 scienter
674 3876 806 3939 inserui:
824 3891 914 3941 ratus
929 3876 1035 3941 omnia
1046 3900 1121 3962 quae
1135 3878 1300 3962 leguntur,
1315 3892 1373 3943 aut

420 3978 615 4054 scribuntur,
632 3976 757 4041 inutilia
769 4000 846 4057 esse,
855 3978 913 4041 nisi
926 3978 1233 4062 quatenusafferunt
1242 3978 1374 4066 aliquod

421 4075 651 4142 adminiculum
668 4082 752 4143 vitae.
789 4080 848 4143 Est
864 4080 947 4143 enim
964 4079 1117 4163 quaelibet
1134 4081 1288 4167 professio
1303 4082 1375 4166 phi-

420 4176 609 4262 losophandi
633 4179 766 4255 inutilis,
789 4193 821 4243 et
842 4178 934 4253 falsa,
953 4201 1028 4265 qua
1051 4203 1083 4243 se
1106 4180 1205 4265 ipsam
1229 4180 1261 4242 in
1284 4179 1373 4243 cultu

419 4277 560 4351 virtutis,
595 4293 628 4343 ct
658 4280 731 4344 vitan
768 4280 966 4344 exhibitione
995 4302 1057 4344 non
1087 4281 1201 4365 aperit.
1247 4279 1372 4342 Acade·

419 4380 530 4453 micus,
548 4378 579 4442 in
597 4379 644 4443 bis
659 4400 732 4464 qum
749 4395 823 4445 sunt
842 4380 1034 4445 dubitabilia
1050 4379 1205 4462 Sapienti,
1222 4399 1284 4440 non
1296 4380 1373 4463 juro
