3625 5317
469 766 532 826 176
727 776 864 823 scaurus
879 772 1160 820 saumasarsssrs

469 927 594 992 Arserit
608 930 677 993 hoec
692 929 779 1009 sciri,
792 926 974 993 dubitanter
988 934 1095 989 cetere
1107 923 1215 1001 tradit,

555 1032 594 1094 Iu
610 1031 726 1114 quibus
740 1051 783 1094 ex
797 1049 859 1093 usu
873 1028 975 1111 major
988 1024 1140 1090 habenda
1152 1025 1247 1089 fides.

468 1130 553 1195 Num
567 1132 679 1195 solima
693 1152 797 1196 rerum
811 1150 923 1194 cursus
935 1128 1015 1193 facit
1029 1148 1100 1191 esse
1114 1128 1292 1211 probanda,

554 1233 635 1305 Quas
650 1252 777 1317 semper
790 1230 886 1295 simili
901 1231 961 1293 sub
976 1229 1100 1294 ratione
1115 1228 1214 1292 rides.
1338 1227 1422 1291 uso

467 1334 671 1399 Hmc'temen
687 1331 847 1397 interdum
861 1332 1012 1415 quoniam
1026 1351 1121 1395 secus
1135 1329 1258 1395 accidit
1271 1350 1355 1407 esse,

553 1435 631 1499 Non
646 1443 721 1499 sunt
735 1442 822 1498 certa
836 1432 925 1509 satis,
940 1452 1002 1495 uec
1017 1441 1126 1495 tamen
1140 1433 1264 1514 absque
1278 1428 1354 1493 fide.

466 1534 555 1616 Ergo
570 1534 658 1619 quod
672 1536 808 1598 affimat
821 1554 941 1610 rerum,
954 1542 1048 1616 putat
1060 1552 1131 1596 esse
1145 1550 1291 1604 necesse,

557 1637 598 1699 In
612 1636 746 1719 reliquis
760 1634 852 1699 dicit:
877 1633 974 1697 credo
987 1634 1038 1697 vel
1052 1653 1122 1697 esre
1137 1643 1226 1717 puto.

467 1740 626 1823 Mensque
641 1737 788 1801 modesta
802 1737 885 1799 solet
900 1735 947 1798 sio
963 1734 1118 1816 castigare
1132 1732 1306 1817 loquelam,
1338 1735 1421 1795 llos

555 1840 603 1903 Ut
617 1838 688 1903 salsi
702 1837 812 1901 nullus
825 1846 939 1917 arguat
953 1856 1024 1900 esse
1038 1828 1137 1898 reamss

469 1941 523 2006 Sic
539 1939 706 2025 adjectivis
720 1957 900 2003 sermonem
914 1948 1070 2020 temperat
1083 1957 1222 2011 omnem,

554 2042 680 2105 Debeat
693 2050 729 2103 ut
743 2040 855 2103 merito
870 2058 996 2122 semper
1009 2038 1127 2102 habere
1141 2036 1250 2100 fidem.

520 2140 613 2203 Unde
629 2141 736 2203 Greci
751 2138 1016 2223 Academicorum
1031 2144 1322 2220 temperamentum
1336 2138 1375 2201 in

767 2258 911 2303 sermone
923 2241 1120 2320 acceperint.

465 2340 555 2404 Hinc
569 2340 666 2405 etiam
680 2340 805 2421 placuit
819 2338 945 2403 Graecis
960 2338 1074 2403 modus
1088 2340 1144 2403 ille
1158 2338 1315 2424 loquendi

552 2441 657 2513 Quem
672 2438 781 2518 magni
794 2438 929 2504 laudant
943 2460 964 2504 a
977 2439 1130 2522 gravitate
1144 2440 1212 2517 riri,
1335 2443 1418 2503 nso

469 2538 675 2618 conditione,
691 2538 755 2615 die,
769 2560 929 2624 causaque
944 2539 1107 2624 modoque
1121 2552 1270 2605 coercent

553 2642 671 2719 Verbo,
685 2650 799 2705 cavent
813 2640 914 2703 nimia
927 2640 1132 2724 simplicitate
1145 2642 1246 2725 loqui.

468 2742 532 2807 Sed
547 2742 741 2827 quaudoque
755 2742 849 2806 dolus
864 2741 1034 2807 obducitur
1047 2751 1115 2805 arte
1128 2742 1293 2827 loquendi,

552 2844 726 2927 Verbaque
740 2864 799 2928 pro
814 2846 911 2909 rebus
926 2843 982 2907 dat
995 2845 1082 2908 boue
1095 2842 1191 2909 fictus
1205 2863 1304 2907 amor.

527 2944 620 3012 Quod
633 2942 774 3006 Romani
790 2945 918 3007 Grecos
937 2944 1117 3007 imitantur
1137 2946 1174 3006 iu
1195 2943 1360 3009 uerborum

811 3050 1072 3127 temperamento.

467 3143 568 3205 Hunc
582 3163 701 3207 morem
717 3144 861 3228 sequitur
875 3142 955 3207 ciris
969 3142 1147 3221 Romanus,
1161 3143 1274 3209 amicis
1334 3144 1419 3207 11611

552 3240 660 3303 Verba
673 3241 739 3318 dat,
754 3254 919 3323 argeutum
933 3241 1032 3306 sumit
1046 3262 1142 3307 arura
1154 3262 1277 3308 manua

467 3336 628 3401 Distrahit
641 3338 683 3402 ad
696 3358 830 3421 pensum
839 3340 946 3423 judex
959 3340 1111 3405 adverbia
1124 3352 1251 3419 cauma,

553 3438 638 3503 Nam
653 3439 791 3523 pretium
806 3440 909 3523 majus
923 3442 1050 3505 uu'liore
1064 3442 1164 3507 debit

464 3537 635 3622 Adjectiva
648 3539 714 3604 suis
728 3539 840 3622 pretiis
854 3550 983 3625 aequate
995 3540 1168 3620 dubrmtur,

552 3638 707 3705 chartula
721 3641 771 3705 rel
785 3642 926 3706 calamus
939 3661 1027 3706 rums
1040 3642 1204 3725 inemptus
1217 3643 1286 3709 erit.
1334 3648 1418 3707 11⁷0

466 3738 585 3820 Captet
597 3759 677 3822 opes
693 3738 839 3816 Crassus,
854 3751 890 3805 ut
903 3762 959 3805 eas
973 3742 1187 3806 concertatio
1200 3762 1326 3820 mum,

551 3836 598 3900 Et
611 3840 756 3923 recoquit
768 3860 893 3923 purum,
906 3840 1010 3923 possit
1023 3850 1060 3905 ιι1
1072 3860 1144 3905 esse
1157 3852 1281 3925 putum.

465 3940 554 4005 Urbs
567 3940 652 4004 vitiis
666 3950 814 4023 corrupta
828 3932 894 4005 suis
908 3942 1050 4024 corrupit
1062 3951 1097 4005 et
1110 3943 1234 4019 orbem,

550 4041 596 4104 Et
610 4052 709 4124 caput
724 4051 875 4123 agrotum
889 4040 1045 4122 languida
1057 4042 1202 4107 membra
1214 4041 1303 4107 facit.

466 4140 564 4206 Curia
578 4162 653 4205 uam
668 4140 791 4223 quavis
806 4140 940 4203 Groecos
954 4140 1105 4219 imitatur,
1119 4152 1153 4204 et
1166 4142 1257 4206 urbis
1333 4146 1415 4207 117⁶

549 4242 699 4305 Esuriem
714 4239 816 4303 sensit
830 4240 929 4317 orbis,
942 4251 1065 4305 amator
1079 4262 1187 4323 opum.
