3625 5317
477 764 540 823 2⁷2
744 768 1172 821 roruurssaussssnrsnsrs

480 928 688 1013 immotoque
702 938 834 993 manent
848 926 943 1004 idere,
956 935 1084 990 constrc
1097 927 1132 987 in
1145 924 1222 1000 illis,
1352 928 1434 987 1(th

567 1027 730 1113 Quicquid
744 1027 785 1091 sd
801 1046 953 1091 occasum
969 1027 1122 1109 temporis
1137 1024 1225 1089 unda
1239 1026 1332 1108 rapit.

479 1130 654 1215 Dispensat
668 1152 771 1195 rerum
787 1140 893 1193 motus
908 1130 988 1194 ratio
1003 1130 1073 1192 sine
1086 1139 1188 1203 motu,

564 1234 609 1296 Et
623 1232 748 1297 stabilis
763 1232 860 1295 virtus
876 1240 1021 1314 tempora
1035 1239 1154 1295 cuncta
1168 1240 1283 1293 moret

477 1334 552 1397 Non
568 1344 643 1397 sunt
657 1333 807 1397 informes
822 1331 890 1408 Dii,
905 1351 987 1414 quos
1000 1340 1114 1393 natura
1127 1330 1265 1393 creatrix

563 1436 619 1499 Ex
635 1435 728 1499 variis
743 1445 846 1498 ortum
862 1432 957 1495 rebus
970 1432 1089 1494 habere
1103 1431 1193 1508 facit,
1346 1430 1432 1494 1000

476 1538 550 1611 Quo
566 1534 800 1601 circumscribit
814 1534 906 1609 ratio,
921 1543 1099 1616 naturaque
1113 1531 1201 1595 facta

565 1637 744 1721 Formaquc
760 1634 919 1699 concretis
932 1630 1076 1696 redditur
1090 1645 1185 1715 atque
1201 1652 1314 1712 genus.

479 1738 630 1804 Informis
647 1739 738 1802 Deus
752 1748 810 1815 est,
825 1735 901 1820 quia
916 1734 1063 1816 simplex,
1079 1754 1145 1795 non
1160 1732 1291 1795 aliunde

562 1839 722 1904 Constans
737 1858 796 1901 nec
811 1835 935 1899 debens
949 1835 1095 1918 pluribus
1109 1856 1180 1898 esse
1195 1855 1298 1897 sunm.

644 1941 737 2014 Quod
751 1957 886 2002 resuere
900 1938 1035 2018 simplae
1048 1936 1193 1999 absoluta
1207 1942 1263 1997 est.

475 2040 622 2105 Absolvit
636 2041 716 2104 ratio
732 2060 796 2105 rem
813 2060 893 2103 verm
909 2036 1124 2122 simplicitatis
1345 2037 1429 2099 lose

560 2142 606 2204 Et
625 2138 778 2225 quicquid
794 2142 882 2204 nullo
898 2138 1046 2203 claudere
1061 2140 1125 2202 line
1140 2150 1254 2222 potest.

475 2241 571 2313 Quod
588 2262 660 2305 vere
675 2242 826 2325 simplex,
841 2242 931 2304 nullo
946 2251 1035 2303 motu
1050 2241 1200 2316 satietur,

560 2340 636 2405 Non
652 2342 834 2425 antiquetur
847 2354 1002 2426 tempore,
1018 2363 1144 2425 semper
1157 2340 1254 2405 idem.

474 2442 618 2505 Alternat
632 2441 772 2505 mundus
786 2442 886 2505 socies
901 2445 1069 2527 nescitque
1086 2463 1224 2520 manere,

558 2542 604 2605 Et
619 2542 745 2626 perimit
757 2551 898 2625 tempus,
913 2540 1069 2626 quicquid
1084 2541 1126 2604 ed
1141 2561 1211 2603 esse
1225 2549 1328 2603 vocat
1345 2543 1426 2602 1040

473 2642 591 2707 Omnia
605 2643 651 2707 sic
666 2642 701 2705 in
716 2662 751 2705 sc
767 2641 912 2722 redeunt,
927 2643 973 2705 sic
988 2644 1059 2724 lege
1074 2643 1204 2726 pereuni

561 2744 712 2808 Numinis
728 2744 836 2807 aeterni
853 2755 1058 2828 perpetuetur
1072 2765 1163 2828 opus.

475 2846 569 2919 Quod
593 2854 681 2909 terro
706 2847 743 2909 ln
768 2847 831 2908 imo
856 2852 914 2921 ert,
937 2851 970 2908 et
994 2846 1079 2927 quod
1099 2847 1223 2926 cingal
1243 2845 1331 2909 orbes
1352 2864 1426 2909 suot

785 2946 904 3009 babent
916 2946 1116 3009 latumma

472 3046 604 3111 Summa
618 3058 727 3113 tenent
742 3048 859 3132 superi,
875 3047 983 3111 medio
993 3047 1083 3131 jacet
1096 3048 1208 3112 infima
1224 3049 1329 3127 tellus,

557 3148 603 3211 Et
617 3148 740 3212 medios
754 3150 848 3212 orbes
862 3150 972 3212 incola
986 3149 1103 3229 dignus
1117 3150 1226 3213 babet.

471 3246 606 3330 Spiritus
621 3249 654 3310 in
671 3250 797 3311 cunctis
812 3250 977 3313 elementis
993 3260 1042 3313 est
1056 3259 1089 3313 et
1102 3250 1135 3312 in
1152 3250 1244 3313 astris
1343 3247 1425 3311 1010

557 3346 683 3431 Cuique
697 3368 784 3425 suus,
800 3349 954 3414 mundum
970 3352 1101 3435 spiritns
1115 3372 1198 3415 uuus
1212 3351 1289 3432 agit,

469 3445 636 3511 Maximus
651 3447 716 3526 hic,
732 3469 843 3513 omnes
858 3452 911 3514 alii
927 3462 1002 3515 sunt
1016 3453 1232 3534 particulares,

556 3546 624 3612 Hic
640 3558 755 3628 totum,
768 3549 883 3633 reliqui
899 3551 1026 3633 singula
1040 3555 1184 3615 membre
1198 3562 1345 3628 movent3

468 3650 583 3714 Omnis
598 3651 682 3714 enim
698 3652 784 3734 regio
799 3652 936 3736 propriis
951 3664 1001 3716 est
1014 3654 1113 3737 plena
1127 3654 1262 3729 colonis,

554 3749 606 3813 De
623 3772 758 3835 quorum
773 3763 863 3817 motu
877 3755 974 3817 rebus
988 3755 1079 3838 origo
1095 3756 1193 3821 venit.
1343 3759 1424 3818 tuso

717 3854 812 3928 Quod
823 3856 913 3934 ignis
926 3858 1036 3919 omnio
1047 3864 1181 3938 purgat.

467 3959 532 4020 Aer
546 3964 712 4039 corruptus
727 3956 796 4017 solo
811 3967 964 4038 purgatur
978 3958 1018 4021 ab
1033 3959 1121 4039 igne,

554 4058 676 4138 Purgat
690 4066 722 4118 et
736 4054 864 4120 infectas
879 4058 1014 4121 crimina
1029 4070 1135 4123 motus
1150 4082 1252 4145 aquoe.

467 4158 573 4223 Diluit
586 4158 656 4220 boeo
673 4166 763 4220 terrm
780 4155 900 4232 sordes,
918 4179 967 4222 ros
982 4162 1099 4224 celsior
1115 4163 1219 4225 ornnis

553 4258 691 4323 Subdita
705 4258 750 4320 sic
767 4268 881 4341 purgat
896 4272 1014 4324 cuncta
1030 4263 1136 4343 vigore
1152 4284 1221 4325 suo.

466 4358 590 4423 Celsior
604 4356 763 4421 interdum
779 4356 936 4421 sordescit
951 4360 992 4423 ab
1008 4361 1158 4441 inferiori,
1340 4366 1422 4427 1005
