3625 5317
404 793 475 837 cnr.
492 774 529 855 r.]
676 798 679 807 ·
769 792 984 841 uurnroorcr.
1318 783 1356 843 la

406 944 490 1009 entia
509 942 645 1030 elinguis
667 944 707 1009 ad
724 945 870 1010 solatium
892 945 1112 1017 couscientiae;
1144 966 1217 1008 raro
1236 957 1353 1029 tamen,

407 1058 438 1109 et
455 1066 565 1131 parurn
582 1046 704 1110 confert
720 1046 760 1111 ad
777 1068 869 1110 usum
891 1045 1049 1110 societatis
1064 1046 1222 1115 bumana.
1267 1052 1352 1113 Nam

406 1148 497 1223 ratio,
513 1147 654 1213 scientim
675 1146 899 1233 virtutumque
921 1170 1043 1233 parens,
1059 1148 1166 1225 altrix,
1181 1162 1214 1215 et
1236 1164 1354 1231 custos,

406 1270 480 1333 quae
501 1249 542 1314 de
565 1250 663 1315 verbo
684 1250 885 1337 frequentius
911 1253 1061 1335 concipit,
1083 1266 1116 1316 et
1139 1274 1197 1339 per
1219 1254 1353 1319 verbum

406 1351 618 1432 numerosius,
632 1365 664 1417 et
687 1352 883 1417 fructuosius
901 1353 996 1438 parit,
1012 1365 1069 1417 aut
1091 1354 1220 1418 omnino
1240 1356 1353 1420 sterilis

406 1468 615 1539 permaneret,
642 1470 699 1520 aut
718 1454 850 1541 quidem
871 1454 1069 1534 infoecuuda,
1090 1455 1116 1519 si
1138 1478 1199 1521 non
1223 1460 1355 1545 concep-

407 1556 503 1620 tionis
524 1556 679 1633 l'ructum‚
694 1556 726 1620 iu
743 1557 844 1621 lucem
867 1557 975 1621 ederet
989 1557 1135 1643 eloquio:
1162 1572 1194 1622 et
1209 1559 1354 1634 invicem,

406 1657 494 1741 quod
510 1659 618 1734 sentit,
633 1657 773 1743 prudens
784 1658 918 1743 agitatio
932 1658 1047 1721 mentis
1057 1659 1237 1722 bominibus
1252 1661 1358 1746 publi-

410 1769 505 1820 caret.
551 1758 634 1821 Hoec
655 1770 761 1821 antem
784 1770 832 1821 est
848 1757 903 1821 illa
922 1756 1027 1821 dulcis
1046 1770 1079 1821 et
1100 1756 1262 1823 fructuosa
1280 1783 1358 1824 cou-

406 1857 536 1943 jugatio
563 1858 694 1922 rationis
722 1876 754 1922 et
779 1858 880 1937 verbi,
902 1880 978 1945 quae
1004 1870 1051 1923 tot
1076 1858 1220 1945 egregias
1244 1862 1357 1946 genuit

410 1959 516 2035 urbes,
537 1972 585 2025 tut
607 1956 786 2023 conciliavit
807 1972 839 2023 et
860 1958 1030 2024 t'oederavit
1052 1982 1161 2046 regua,
1185 1975 1233 2026 tot
1254 1963 1357 2029 univit

409 2060 555 2148 populos,
570 2074 601 2127 et
617 2064 745 2127 caritate
759 2060 922 2125 devinxit:
952 2075 988 2125 ut
1004 2061 1103 2127 hostis
1117 2062 1258 2127 omnium
1274 2066 1356 2151 pub-

409 2161 489 2226 licus
512 2163 625 2227 merito
646 2175 822 2239 censeatur,
843 2163 989 2249 quisquis
1012 2164 1081 2238 hoc,
1101 2164 1189 2249 quod
1210 2164 1251 2229 ad
1273 2166 1358 2231 utili-

411 2276 507 2330 tctem
542 2268 684 2330 omnium
721 2268 812 2330 Deus
847 2264 1023 2350 conjunxit,
1052 2262 1168 2329 nititur
1201 2289 1355 2353 separare.

412 2366 575 2431 Mercurio
590 2365 799 2453 Philologiam
823 2365 955 2443 invidet,
968 2379 1001 2431 et
1021 2366 1062 2431 ab
1084 2368 1235 2452 amplexu
1250 2370 1359 2434 Pbilo·

409 2468 713 2551 logiaeMercnrium
724 2465 905 2553 avellit‚qui
915 2467 1105 2554 eloquentiae
1114 2470 1358 2554 preceptionem

412 2594 431 2635 a
457 2571 572 2636 studiis
599 2570 815 2657 Pbilosopbiae
841 2571 1000 2636 eliminat:
1030 2583 1064 2636 ct
1089 2572 1236 2657 quamvis
1259 2573 1357 2637 solam

411 2672 558 2737 rideatur
571 2670 783 2759 eloquentiam
802 2671 961 2756 persequi,
975 2669 1081 2732 omnia
1096 2668 1237 2733 liberalia
1252 2670 1359 2735 studia

411 2772 703 2847 convellit,omnem
712 2768 809 2835 totius
819 2767 1209 2854 Philosopbiaeimpugnat
1218 2792 1359 2854 operam,

412 2874 572 2939 societatis
586 2873 735 2936 humanae
746 2869 854 2934 foedus
868 2868 1028 2944 distrahit,
1041 2856 1072 2931 it
1087 2866 1211 2930 nullum
1224 2868 1358 2945 caritati,

413 2988 469 3041 aut
486 2972 694 3040 vicissitudini
714 2970 890 3035 officiorum
911 2968 1064 3055 relinquit
1083 2968 1199 3032 locum.
1244 2968 1361 3036 Brute·

415 3089 503 3141 sceut
529 3074 682 3147 homines,
709 3073 734 3136 si
760 3074 898 3136 concessi
925 3068 1001 3134 dote
1027 3070 1194 3156 priventur
1219 3069 1357 3158 eloquii;

413 3178 557 3265 ipsaeque
589 3174 684 3239 nrbes
717 3172 913 3238 ridebuntur
946 3175 1054 3259 potius
1086 3194 1236 3259 pecorum
1269 3175 1360 3260 quasi

415 3293 516 3366 septa,
533 3298 629 3363 quam
645 3288 747 3340 coetus
763 3273 938 3350 bominum,
951 3296 1034 3338 nexu
1050 3274 1190 3359 quodam
1206 3277 1361 3343 societatis

412 3379 599 3456 foederctus,
629 3390 667 3443 ut
700 3376 944 3464 participatione
978 3376 1165 3457 officiorum,
1193 3393 1226 3443 et
1260 3381 1362 3444 amica

412 3482 545 3547 invicem
569 3479 786 3546 vicissitudine
807 3478 917 3542 ecdem
938 3479 1013 3564 jure
1035 3478 1132 3543 vivat.
1177 3481 1257 3557 Quis
1278 3482 1361 3545 euim

415 3593 597 3651 contractus
618 3581 677 3646 rite
699 3580 935 3645 celebrabitur?
964 3604 1038 3665 quae
1060 3580 1135 3644 fidei
1158 3593 1214 3645 aut
1237 3606 1361 3649 morum

415 3685 582 3773 disciplina
608 3684 751 3770 rigebit?
787 3704 935 3768 quoeuam
965 3682 1025 3745 erit
1052 3681 1279 3749 obsecundatio
1305 3698 1361 3752 aut

413 3788 659 3856 communicatio
697 3784 909 3860 voluntatum,
946 3784 1112 3848 subtracto
1145 3784 1240 3850 -rerbi
1277 3810 1361 3850 com-

414 3894 556 3957 mercio?
589 3890 660 3954 Non
687 3910 764 3973 ergo
792 3909 898 3965 unam,
925 3908 986 3950 uou
1014 3908 1143 3973 puncos,
1170 3886 1224 3951 sed
1254 3910 1363 3953 omncs

415 3992 510 4057 simul
536 3990 643 4066 urbes,
669 4001 700 4053 et
727 3986 889 4075 politicam
921 3988 1019 4052 vitam
1046 4000 1146 4052 totam
1176 3988 1363 4074 aggreditur

418 4090 606 4159 Cornificius
631 4100 750 4165 noster,
769 4087 948 4153 studiorum
972 4087 1165 4173 eloquentiae
1186 4089 1362 4174 imperitus,

415 4208 448 4260 ct
463 4192 629 4279 improbus
642 4193 856 4277 impugnator.
