3625 5317
451 787 515 851 802
708 799 1137 848 roannrsssnnseamnnsrs

452 955 589 1042 Surgite,
605 964 698 1034 state,
712 975 836 1040 precor,
851 955 959 1018 animo
973 966 1115 1038 pugnate
1131 954 1234 1017 virili:

536 1061 659 1138 Magna
672 1057 756 1142 perit
770 1057 866 1119 nobis
879 1056 1014 1140 praemia
1026 1077 1136 1141 pugna
1149 1055 1257 1119 brevis

450 1160 615 1224 AEtemum
630 1169 752 1243 pereat,
769 1158 824 1242 qui
840 1159 942 1220 ventri
956 1158 1076 1222 serviat
1089 1159 1191 1233 ultra3

535 1263 584 1326 Sit
597 1262 709 1344 procul
724 1282 745 1324 a
758 1259 853 1323 uobis
868 1259 924 1343 qui
939 1281 999 1324 sua
1014 1281 1112 1342 regna
1124 1259 1215 1324 feret.

449 1362 500 1425 Sit
514 1361 582 1424 sine
597 1359 663 1424 fine
678 1361 781 1436 labor,
795 1359 837 1423 sit
851 1357 1051 1441 naufragium
1066 1359 1137 1422 sine
1150 1368 1256 1442 portu,

536 1462 715 1526 Continuus
731 1461 773 1524 sit
788 1460 818 1524 ei
832 1471 1071 1544 perpetuusque
1085 1460 1204 1522 dabor?

450 1563 515 1626 His
530 1563 635 1626 socios
649 1563 768 1626 animat
782 1561 887 1625 verbis
902 1561 1055 1626 facundia
1068 1561 1198 1644 linguae,
1275 1587 1284 1600 ·

535 1664 582 1727 Et
594 1673 703 1726 movet
717 1675 749 1726 et
763 1662 880 1740 munit,
894 1670 928 1726 et
942 1660 1039 1727 docet
1052 1683 1124 1726 esse
1139 1661 1236 1725 viros.

450 1766 539 1847 Erga
554 1765 648 1828 simul
658 1764 789 1848 junctos
804 1762 1003 1828 consoederat
1017 1783 1082 1827 una
1098 1764 1257 1839 voluntas,

535 1865 778 1948 adstringitque
793 1864 865 1943 sibi,
882 1885 964 1949 qnos
978 1865 1066 1947 legat
1080 1880 1163 1928 unus
1177 1883 1275 1928 amer.

452 1966 605 2031 Indicant
618 1966 730 2028 Ventri
745 1967 875 2044 beilum,
883 1967 1058 2051 jurantque
1074 1965 1161 2051 quod
1177 1964 1249 2050 ejus

536 2066 675 2132 Vincula
689 2066 877 2146 dissolvent,
891 2067 1130 2151 discutientque
1140 2067 1265 2151 jugum

451 2168 506 2234 Sic
521 2178 666 2234 statuunt
679 2169 773 2232 etsie
791 2169 995 2246 confirmant,
1010 2168 1130 2233 fmdere
1145 2170 1231 2235 iacto

537 2270 689 2333 Ventrem
704 2269 893 2348 destituunt,
907 2291 969 2334 nee
983 2270 1175 2335 famulantur
1188 2271 1229 2334 ei.

448 2370 522 2433 Jam
537 2390 606 2452 pes,
622 2367 741 2452 lingua,
752 2389 877 2449 manus,
889 2381 922 2434 et
936 2381 1053 2437 caetera
1067 2374 1210 2436 membra
1222 2373 1406 2456 quiescunt,

536 2471 599 2534 Pes
612 2480 710 2552 negat
723 2471 780 2547 ire,
794 2473 885 2554 loqui
900 2474 1023 2554 lingua,
1032 2473 1145 2557 juvare
1159 2495 1284 2537 manua.

450 2566 557 2632 Prima
571 2567 642 2632 dies
655 2569 720 2633 illis
734 2569 905 2652 tranquillo
921 2571 1048 2636 tramite
1061 2574 1168 2652 currit,

534 2669 607 2734 Nec
621 2671 793 2755 quicquam
808 2671 916 2754 poscit
928 2671 996 2748 ille,
1011 2693 1071 2738 nac
1086 2674 1143 2738 ille
1156 2674 1275 2739 ferunt.

446 2771 557 2833 Altera
564 2768 713 2854 jejunum
728 2771 835 2834 nescit
848 2791 1054 2854 compescere
1070 2785 1222 2852 ventrem,

534 2871 782 2957 Latrantemque
796 2874 903 2954 gulam
918 2873 1088 2955 pacificare
1103 2877 1223 2960 nequit

449 2971 559 3034 Tertia
573 2984 780 3057 consumptos
795 2973 899 3038 macie
915 2975 969 3038 vix
984 2976 1121 3040 sustinet
1135 2987 1232 3058 amus,

536 3073 686 3156 Namque
700 3073 841 3155 maligna
855 3073 951 3136 nimis
966 3084 1058 3155 urget
1072 3076 1193 3161 ubique
1208 3077 1317 3143 fames.

448 3170 513 3234 Pes
527 3181 640 3254 torpet,
657 3193 770 3236 manus
785 3183 930 3256 aegrotat,
944 3177 1077 3257 languet
1091 3188 1200 3261 caput,
1217 3200 1274 3243 ora

533 3270 670 3348 Palleat,
686 3274 847 3354 suspirant
861 3287 1004 3358 pectora,
1019 3277 1130 3360 lingua
1145 3290 1241 3344 tacet.

448 3365 567 3434 Omnia
580 3371 746 3436 turbantur
759 3373 792 3436 in
808 3395 952 3460 corpore,
968 3379 1076 3442 nullus
1090 3381 1124 3443 in
1139 3381 1194 3445 itto

533 3471 596 3544 Est
610 3471 709 3554 vigor,
724 3493 808 3556 aeger
822 3477 867 3539 ibi
882 3478 998 3558 luctus,
1013 3480 1132 3564 ubique
1147 3481 1248 3545 dolor.

447 3576 571 3642 Rursus
585 3588 660 3661 post
673 3579 787 3662 longos
802 3579 939 3662 gemitus
953 3583 1124 3647 conamine
1140 3586 1251 3661 multo,

533 3679 601 3743 Vix
615 3679 674 3742 hos
689 3680 828 3744 balbutit
841 3681 994 3762 languida
1008 3683 1116 3766 lingua
1131 3705 1244 3750 sonos:

446 3775 467 3808 “
478 3773 565 3846 Quid
574 3775 728 3839 sacimas?
750 3779 807 3840 Nil
816 3778 1014 3861 proficimus,
1024 3783 1127 3865 magis
1138 3795 1171 3846 et
1180 3785 1283 3867 magis
1294 3806 1406 3849 omnes

535 3873 725 3950 Deficimus,
742 3879 926 3961 premimur,
942 3882 1197 3969 conficimurque
1212 3887 1306 3950 fame.

446 3979 474 4039 A
491 3975 609 4040 ventris
624 3977 711 4041 rabie
727 3979 815 4042 venit
829 3980 898 4044 haee
915 3982 1033 4066 injuria
1046 3986 1154 4059 nobis,

533 4079 608 4142 Hoc
624 4077 692 4163 ejus
707 4080 800 4142 nobis
815 4083 947 4163 parturit
961 4085 1007 4147 ira
1022 4088 1152 4149 maium.

446 4179 556 4244 Sentio
570 4179 689 4262 grande
705 4181 834 4257 malum,
851 4182 908 4244 sed
924 4205 1022 4249 causa
1035 4189 1110 4259 maii
1125 4189 1204 4251 mihi
1220 4191 1345 4254 elausat

533 4281 629 4353 Quod
644 4294 750 4358 nocet,
766 4299 845 4346 ecee
860 4293 969 4366 patet;
993 4308 1051 4350 cur
1065 4301 1171 4365 nocet,
1187 4311 1268 4355 ansa
1281 4292 1369 4356 latet.

445 4381 542 4442 Nunc
559 4380 667 4460 igitur,
683 4385 818 4458 Fratres,
832 4384 925 4449 vobis
939 4391 1165 4471 praesentibus,
1181 4393 1288 4476 ipsum
