3625 5317
476 783 542 845 aut
735 790 871 837 raanan
887 787 1163 835 smssaanmnns
1285 770 1368 852 [cra.
1383 789 1423 837 ιν.

478 1034 558 1119 Cap.
576 1035 630 1093 dl.
652 1028 706 1092 Ad
724 1027 806 1111 quid
820 1028 1118 1109 Peripateticorum,
1130 1035 1163 1089 et
1182 1027 1327 1089 carnium
1347 1032 1427 1089 recte

516 1132 821 1217 philosaphantium,
838 1131 952 1193 tendat
965 1131 1118 1193 intentio:
1140 1134 1173 1191 et
1193 1128 1232 1191 de
1245 1132 1313 1190 octo
1331 1127 1428 1190 adata

520 1236 604 1299 eulic
616 1233 848 1313 intelligentia.

520 1352 624 1428 Quart
634 1369 712 1433 ergo
723 1346 793 1411 sciri
803 1344 952 1433 quaedam
964 1367 1027 1411 noa
1042 1345 1167 1431 possint
1180 1343 1428 1432 praeeminentia

476 1450 655 1539 dignitatis,
671 1448 817 1536 quaedam
833 1470 901 1534 prae
916 1445 1123 1512 multitudine
1132 1460 1190 1513 aut
1205 1444 1423 1533 magnitudine

475 1552 666 1641 quantitatis
689 1574 767 1631 sum,
789 1548 938 1636 quaedam
964 1562 1097 1636 propter
1122 1548 1366 1613 inconstantiam
1390 1561 1422 1612 et

476 1656 691 1723 lubricitatem
721 1655 787 1728 sui;
823 1652 876 1717 cui
906 1651 1103 1739 potissimum
1132 1650 1343 1716 insistendum
1373 1654 1425 1728 sit,

476 1757 608 1845 etquid
630 1756 767 1821 maxime
785 1753 947 1843 expediat,
961 1752 1205 1818 Ecclesiasticus
1223 1752 1326 1817 docet.
1372 1753 1427 1817 Al·

476 1864 571 1937 tiara,
591 1858 707 1946 inquit,
729 1867 759 1921 te
780 1878 821 1922 ne
841 1857 1012 1940 quesieris,
1026 1857 1212 1938 etsorticra
1233 1864 1275 1935 te,
1288 1874 1327 1917 ae
1346 1876 1428 1918 sent-

476 1972 560 2028 tatas
569 1962 684 2046 saeris.
729 1960 814 2024 Ecce
838 1958 1048 2025 temeritatem
1073 1980 1185 2022 eorum
1206 1957 1346 2035 cohibet,
1369 1956 1425 2042 qui

476 2064 608 2131 Deilieoe
622 2060 789 2127 Trinitatis
802 2082 927 2138 areana,
942 2073 974 2124 et
993 2082 1031 2125 ea
1049 2080 1186 2145 quorum
1208 2059 1287 2123 visio
1303 2060 1338 2124 in
1360 2059 1425 2123 vita

477 2176 596 2230 aeterna
611 2166 820 2250 promittitur,
834 2162 1019 2228 irreverenti
1034 2161 1225 2227 verbositate
1238 2161 1426 2226 discutiunt.

477 2264 585 2341 Unde,
614 2264 673 2328 etsi
702 2264 832 2329 scientia
861 2264 1010 2329 videatur
1038 2263 1159 2349 augeri,
1184 2261 1314 2327 devotio
1341 2275 1426 2327 certe

475 2364 638 2431 minuitur.
683 2365 727 2429 In
740 2367 948 2447 superuacuis,
963 2366 1081 2452 inquit,
1096 2366 1193 2447 redas,
1210 2367 1278 2428 noli
1293 2364 1427 2429 sandari

476 2468 699 2549 audatiam,
724 2477 754 2531 et
783 2469 818 2531 in
841 2468 991 2533 Pluribus
1013 2475 1079 2552 qus
1103 2468 1246 2551 operibus
1274 2489 1339 2531 aon
1365 2468 1427 2531 eris

476 2571 622 2637 morus.
665 2570 786 2637 Multos
814 2572 893 2635 eninr
915 2574 1128 2655 supplantavit
1151 2573 1285 2658 suspicio
1313 2592 1426 2647 eoram,

476 2683 508 2739 et
537 2675 571 2738 ia
595 2676 735 2741 ucndcte
763 2676 896 2740 detinuit
925 2696 1028 2741 sensus
1055 2698 1169 2739 ecmm.
1212 2674 1277 2740 Hie
1299 2696 1429 2760 quoqne

478 2774 606 2841 illorum
621 2776 784 2843 audaciam
801 2777 956 2865 reprimit,
971 2779 1029 2864 qui
1044 2778 1256 2843 sollicitantur
1269 2776 1312 2841 da
1328 2779 1429 2840 amai·

479 2878 552 2961 bus,
566 2893 599 2945 et
620 2881 733 2947 volunt
754 2879 795 2945 de
811 2880 966 2945 universis
988 2879 1122 2945 reddere
1143 2881 1309 2955 rationem,
1324 2900 1427 2965 quum

478 2995 600 3049 constet
622 2983 812 3049 auctoritate
835 2982 1012 3048 Salomonis
1032 2983 1066 3047 in
1088 2981 1319 3058 Ecclesiastiee,
1339 2980 1427 3069 quod

477 3106 536 3149 nec
550 3085 689 3150 minimae
705 3086 761 3160 rei,
777 3106 850 3169 quar
865 3085 927 3149 snb
940 3084 1022 3151 coelo
1035 3097 1095 3161 est,
1110 3084 1225 3149 nedum
1240 3082 1428 3161 coelestium,

477 3197 535 3250 aut
564 3207 662 3270 supra
686 3184 874 3264 coelestium,
897 3186 1021 3271 plenam
1048 3186 1148 3273 possit
1173 3186 1269 3250 homo
1294 3185 1428 3249 reddere

477 3286 643 3351 rationem.
689 3284 789 3347 Porro
806 3286 838 3349 in
865 3287 983 3370 quibus
1003 3300 1149 3375 oporteat
1174 3284 1427 3373 philosophantis

476 3386 639 3471 ingenium
652 3385 803 3464 exerceri,
815 3386 918 3451 Filius
931 3390 1050 3474 Syraeb
1062 3390 1173 3455 ducet:
1197 3410 1265 3473 que
1273 3390 1427 3474 precepit

476 3488 577 3565 naa,
595 3490 699 3575 capita
717 3487 778 3552 illa
792 3508 921 3571 semper,
942 3499 973 3554 et
994 3490 1028 3555 in
1043 3492 1189 3574 plaribra
1208 3491 1350 3574 operibus
1362 3488 1427 3574 ejece

476 3610 541 3655 nort
556 3592 618 3657 eris
631 3594 778 3658 curiosa.
822 3591 907 3671 Quia
920 3593 1004 3657 enim
1019 3593 1181 3659 deradice
1195 3616 1354 3669 sensuum,
1370 3589 1426 3680 qui

476 3691 661 3779 frequenter
675 3692 844 3771 falluntur,
859 3694 988 3760 scientia
1003 3709 1121 3771 manat,
1136 3709 1169 3760 et
1183 3695 1318 3783 decepta
1338 3694 1425 3759 infir·

477 3790 581 3874 mita,
596 3797 677 3881 quid
696 3797 847 3882 expediat
865 3820 980 3885 parum
1000 3798 1101 3878 novit,
1115 3797 1191 3862 data
1209 3811 1270 3876 est,
1285 3821 1343 3885 per
1364 3797 1426 3861 ele·

475 3894 625 3963 mentium
643 3900 716 3976 Dei,
730 3901 794 3974 lex,
810 3924 882 3987 quoa
897 3900 1025 3965 utilium
1045 3900 1207 3966 scientiam
1229 3900 1376 3987 aperiret,
1391 3912 1423 3963 et

477 3997 629 4064 indicaret
647 4000 688 4064 de
708 4002 789 4083 Deo,
803 4016 961 4087 quantum
985 4002 1063 4067 scire
1082 4002 1168 4083 licet,
1188 4016 1246 4068 aut
1268 4016 1424 4089 quantum

475 4102 605 4189 expedit
628 4124 780 4189 quaerere.
824 4104 889 4169 ,Illa
910 4106 1005 4188 enim,
1025 4107 1165 4172 divinam
1188 4107 1365 4194 potentiam
1390 4108 1424 4167 in

475 4206 644 4287 creatione,
667 4207 852 4293 sapientiam
874 4209 905 4271 iu
929 4209 1145 4295 dispositione,
1164 4211 1337 4277 bonitatem
1359 4230 1424 4272 ma·

477 4309 605 4377 niiestat
632 4310 663 4376 iu
686 4312 923 4378 conservatione
946 4333 1063 4377 rerum.
1108 4314 1172 4381 Sed
1199 4315 1267 4380 haee
1287 4313 1422 4377 maxime

476 4411 614 4477 eminent
631 4413 662 4477 in
685 4412 821 4479 hominis
840 4414 1036 4501 reparatione
1057 4414 1224 4502 redempti.
1272 4415 1424 4480 Volunta-
