3625 5317
467 777 529 836 866
733 789 868 834 scaurus
884 785 1164 835 ssnasnanrarrsrs

467 943 654 1006 transitoriis
668 941 775 1024 potius
791 951 882 1004 utens
903 941 945 1004 ad
964 941 1188 1024 expediendas
1200 945 1420 1023 necessitates,

468 1065 563 1128 qnam
575 1043 684 1108 fruens
698 1038 739 1105 ad
754 1041 935 1126 explendas
945 1043 1220 1126 concupiscentias
1230 1045 1420 1128 voluptates.

468 1145 508 1208 ln
529 1145 611 1208 cibis
630 1153 663 1206 at
682 1143 813 1228 potibus
835 1145 1056 1227 temperantias
1076 1142 1219 1208 medinm
1241 1147 1359 1225 tenuit,
1377 1169 1419 1211 ne

390 1255 395 1266 '
467 1267 597 1331 prorsus
623 1245 788 1308 abstinens
810 1257 994 1326 argueretur
1017 1245 1263 1329 superstitionis,
1284 1257 1342 1309 aut
1361 1247 1420 1310 im-

467 1348 593 1412 modice
616 1367 745 1410 sumens
774 1348 906 1430 crapula
936 1356 1129 1426 grasaretur.
1181 1347 1301 1410 Natam
1330 1349 1418 1411 enirn

467 1449 630 1514 criminosi
654 1459 688 1512 et
709 1448 886 1532 hypocritas
908 1449 972 1510 lere
997 1447 1116 1531 pariter
1135 1449 1249 1524 vitans,
1271 1448 1307 1511 id
1332 1451 1417 1534 opti-

466 1573 552 1617 mum
569 1551 687 1635 jejunii
710 1571 809 1632 genus
831 1549 1000 1613 arbitratus
1022 1559 1082 1627 est,
1103 1551 1285 1614 sobrietatis
1309 1563 1419 1615 tenera

467 1673 657 1717 mensuram.
709 1653 755 1716 Et
784 1650 915 1736 quidem
949 1652 983 1714 in
1013 1661 1101 1714 reste
1137 1652 1274 1733 pretiosa
1301 1652 1418 1734 spiritu

466 1775 598 1838 pauper,
612 1755 647 1818 in
663 1755 742 1818 facie
762 1754 837 1816 laeta
858 1752 955 1816 corde
977 1752 1141 1829 contritus,
1155 1753 1189 1814 in
1205 1773 1317 1816 mensa
1329 1753 1419 1817 lauta

466 1857 631 1939 penuriam
653 1857 784 1939 eligens,
800 1875 1033 1938 nonnunquam
1047 1865 1156 1918 ventre
1177 1855 1281 1936 magis
1294 1873 1417 1918 vacuus

466 1979 562 2042 quarn
586 1958 733 2035 relectus,
753 1957 872 2040 saepius
891 1956 995 2036 magis
1011 1956 1204 2020 refocillatus
1226 1977 1325 2040 quam
1347 1956 1418 2040 ple-

464 2081 539 2139 nus,
567 2081 694 2143 semper
723 2059 807 2122 enim
837 2057 963 2120 sobrius
991 2077 1193 2140 permanens,
1219 2077 1255 2121 se
1284 2055 1417 2122 cohabi·
1499 2103 1509 2118 .

464 2162 611 2226 tantibus
634 2160 864 2236 conformabat,
888 2159 1067 2240 apostolum
1090 2178 1229 2240 sequens
1251 2159 1308 2243 qui
1331 2160 1416 2222 saln-

465 2263 603 2326 berrima
625 2261 862 2345 dispensatione
885 2259 1036 2322 omnibns
1057 2260 1165 2322 omnia
1184 2260 1288 2323 sactus
1305 2271 1364 2334 est,
1380 2270 1416 2323 nt

407 2401 412 2411 ·
463 2363 661 2427 lucrifaceret
686 2363 860 2426 universos.
915 2361 1085 2423 Libersbat
1112 2380 1287 2444 pauperem
1312 2382 1333 2424 a
1356 2381 1414 2444 po·

464 2472 560 2539 tonte,
575 2472 611 2524 ut
631 2462 688 2544 qui
709 2479 818 2522 revera
840 2469 908 2521 erat
930 2459 1024 2522 datus
1039 2481 1058 2522 a
1072 2459 1216 2523 Domino
1238 2481 1413 2544 pauperum

462 2570 553 2646 pater
580 2573 613 2624 et
641 2558 842 2624 rnoerentinm
880 2560 1072 2622 consolator.
1125 2560 1287 2640 Arguebat
1314 2561 1413 2624 libera

463 2682 727 2747 quarumcunque
755 2659 832 2722 ritia
865 2668 1070 2743 potestatum,
1098 2660 1205 2723 sciens
1241 2659 1328 2743 quod
1357 2661 1413 2724 ubi

463 2765 592 2848 spiritus
612 2762 755 2835 Domini,
769 2761 815 2824 ibi
838 2771 1072 2842 consequenter
1091 2771 1141 2823 cst
1157 2762 1253 2823 etiam
1269 2762 1410 2825 libertas.

463 2865 625 2930 Pensabat
645 2874 752 2927 tamen
768 2862 816 2924 rir
837 2860 994 2924 discretus
1015 2881 1119 2923 mores
1141 2848 1306 2923 hominurn
1330 2883 1412 2947 quos

462 2967 616 3048 arguebat
628 2976 683 3028 aut
697 2966 857 3039 monebat,
872 2982 913 3024 ne
934 2972 1079 3025 sanctum
1099 2962 1189 3025 daret
1208 2964 1343 3027 canibus
1356 2974 1412 3027 aut

462 3067 645 3148 margaritas
674 3076 836 3148 spargeret
870 3073 946 3126 ante
974 3083 1101 3144 porcos.
1160 3064 1206 3126 Et
1235 3065 1310 3147 quia
1337 3079 1412 3129 enm

462 3168 602 3230 coelestis
622 3166 759 3230 docebat
780 3165 901 3241 unctio,
922 3165 989 3227 sira
1005 3164 1141 3227 literatis
1163 3165 1230 3227 siro
1251 3165 1410 3230 illiteratis

460 3267 720 3350 colloquebatur:
751 3267 865 3329 mirum
878 3261 924 3327 ‘'in
952 3263 1083 3327 modum
1112 3264 1255 3329 cruditus
1283 3276 1317 3329 et
1344 3267 1411 3331 elo·

461 3385 564 3450 quens
593 3366 779 3449 apparebat,
809 3375 841 3428 et
868 3364 1055 3448 pradicatio
1080 3364 1151 3449 ejus
1174 3377 1239 3428 tam
1268 3367 1411 3450 pondero

460 3468 687 3532 sententiarum
712 3488 806 3553 quarn
833 3468 971 3551 puritate
995 3469 1162 3530 verborum
1187 3469 1320 3550 placens
1344 3481 1412 3533 erat

459 3581 493 3634 et
518 3571 644 3635 efficax.
691 3569 770 3634 Post
790 3571 902 3653 epulas
927 3580 1032 3632 autem
1054 3581 1087 3632 et
1108 3590 1254 3632 somnum
1275 3570 1332 3633 nbi
1354 3591 1409 3634 ne·

460 3672 592 3734 cessitas
620 3672 773 3755 poscebat
802 3667 965 3743 exactum,
995 3667 1102 3731 denuo
1131 3679 1247 3750 praeter
1273 3689 1410 3752 pensum

458 3769 618 3846 horarum,
633 3779 688 3832 aut
704 3771 843 3852 negotiis
863 3780 919 3832 aut
937 3768 1101 3850 scripturis
1115 3779 1171 3832 aut
1185 3768 1328 3832 honestis
1342 3771 1409 3833 col·

458 3869 576 3953 loquiis
589 3868 767 3944 insistebat,
782 3871 882 3933 otium
899 3889 1100 3952 summopere
1115 3869 1252 3950 lugiens,
1267 3891 1309 3933 ne
1323 3870 1411 3934 vide·

458 3984 528 4035 rent
547 3991 619 4034 eurn
638 3972 757 4050 hostes,
779 3981 810 4034 et
833 3969 1014 4034 deriderent
1032 3971 1166 4033 sabbata
1186 3970 1265 4052 ejus.
1311 3971 1408 4043 Quod

458 4083 563 4135 autem
589 4083 748 4136 nocturno
774 4092 887 4134 somno
913 4071 984 4132 sine
1007 4069 1119 4151 pandi
1143 4069 1312 4152 dispendio
1338 4091 1407 4134 cor·

457 4171 544 4254 poris
560 4171 717 4236 deducere
736 4180 870 4256 poterat,
884 4170 1025 4233 lacrimis
1039 4181 1072 4233 et
1084 4170 1284 4233 orationibus
1298 4169 1405 4234 indul·

457 4273 563 4353 gebat,
578 4284 610 4336 et
624 4273 884 4337 meditationibus
900 4271 1031 4348 sanctis,
1042 4271 1264 4334 castimoniam
1279 4282 1406 4335 sectans

457 4372 489 4433 in
514 4359 656 4455 corpore,
677 4393 804 4436 servans
824 4373 856 4434 in
878 4371 974 4435 corde
997 4370 1196 4454 pudicitiam,
1217 4369 1405 4436 modestiam
