3625 5317
397 816 468 863 ose.
483 800 607 875 xxvia]
753 814 998 863 usrsmcwns.
1293 804 1353 863 188

397 978 465 1042 rat,
481 969 719 1049 neptiqendum.
765 968 814 1029 De
829 966 981 1053 captiosis
994 978 1101 1031 autem
1117 978 1215 1052 atque
1229 964 1349 1029 fallaci·

397 1066 459 1131 bus
475 1066 662 1131 ratiunculis
677 1066 773 1131 breve
793 1079 991 1153 pracceptum
1006 1080 1074 1131 est:
1103 1067 1129 1131 si
1144 1066 1226 1131 male
1240 1088 1350 1130 couce-

396 1168 504 1231 dendo
524 1167 719 1245 inferuntur,
734 1166 775 1231 ad
791 1190 839 1244 ea,
856 1190 931 1251 quae
944 1189 1090 1231 concesse
1113 1180 1198 1243 sunt,
1213 1168 1349 1231 redeuu-

397 1268 476 1333 dum
499 1290 575 1332 esse.
621 1268 654 1331 Si
679 1289 787 1331 verum
811 1268 993 1353 falsumque
1015 1269 1048 1332 in
1067 1289 1132 1333 une
1149 1266 1349 1331 conclusione

396 1368 584 1452 confligunt,
599 1366 819 1453 accipiendum
836 1368 909 1432 inde
924 1369 1011 1455 quod
1026 1368 1235 1453 intelligitur:
1259 1366 1348 1454 quod

395 1470 547 1556 explicari
563 1492 624 1533 non
640 1482 756 1555 potest,
768 1470 1023 1556 relinquendum.
1056 1469 1089 1533 Si
1104 1482 1210 1533 nutem
1223 1468 1347 1543 modus,

394 1573 427 1635 in
448 1571 610 1657 aliquibus
630 1572 737 1645 rebus,
753 1571 831 1635 lutet
852 1570 978 1657 penitus
998 1570 1170 1647 hominem,
1185 1568 1348 1633 scientiam

395 1672 467 1758 ejus
482 1694 543 1737 non
559 1694 626 1737 esse
639 1671 856 1756 quoereudam.

394 1928 475 2011 Cap.
491 1934 544 1989 2⁷.
577 1928 669 2001 Quod
682 1926 865 2011 Aristoteles
878 1930 916 1990 in
930 1927 1041 1990 multis
1062 1927 1193 2005 erravit,
1207 1922 1292 2008 quod
1311 1926 1348 1987 in

741 2026 863 2109 Logieu
878 2029 1006 2090 eminet.

438 2188 526 2249 Huc
546 2184 698 2251 adversus
714 2186 932 2253 Cornificium.
977 2184 1141 2252 Ceterum
1155 2197 1266 2251 contra
1280 2204 1347 2260 eos,

395 2284 451 2368 qui
467 2296 610 2349 veterum
626 2286 746 2361 favore,
763 2286 900 2369 potiores
916 2285 1102 2353 Aristotelis
1120 2284 1218 2350 libros
1240 2282 1348 2348 exclu-

394 2383 487 2462 dunt,
508 2384 640 2450 Boethio
654 2387 720 2450 sere
742 2386 809 2451 solo
828 2387 981 2463 conteuti,
997 2400 1124 2473 possent
1145 2385 1284 2472 plurima
1302 2383 1347 2447 el-

395 2481 504 2569 legnri.
548 2486 611 2551 Sed
638 2509 699 2552 non
727 2500 863 2573 oportet,
887 2488 965 2572 qnia
990 2491 1095 2574 palam
1118 2502 1166 2553 est
1187 2486 1348 2561 omnibus,

394 2608 497 2670 usquc
523 2586 562 2650 ed
591 2586 834 2664 miserationem,
858 2589 1055 2676 imperfectio
1074 2588 1215 2663 illorum,
1236 2587 1292 2673 qui
1314 2586 1348 2649 in

393 2686 460 2751 sola
480 2687 616 2752 Boethio
636 2703 764 2776 tempus
783 2702 816 2754 et
838 2713 904 2755 rem
929 2704 1205 2775 consumpserunt,
1224 2701 1262 2753 ut
1279 2688 1347 2753 fere

393 2787 473 2853 nihil
494 2791 606 2855 sciant.
651 2792 722 2854 Nec
743 2804 849 2856 tamen
873 2791 1079 2855 Aristotelem
1106 2790 1228 2873 ubique
1252 2787 1347 2875 plene

393 2901 447 2953 aut
459 2889 601 2966 sensisse,
614 2904 671 2954 aut
683 2890 801 2956 dixisse
816 2900 988 2974 protestor,
1001 2902 1037 2953 ut
1049 2902 1281 2953 sacrosanctum
1293 2891 1347 2977 sit,

391 2988 546 3076 quiequid
559 2989 694 3075 scripsit.
729 2992 813 3055 Nam
825 2991 857 3054 in
870 2990 1028 3075 pluribus,
1039 2989 1203 3056 obtinente
1213 2988 1346 3067 ratione,

391 3101 423 3153 et
434 3087 627 3153 auctoritate
642 3088 727 3167 fidei,
739 3089 938 3155 convincitur
953 3112 1086 3153 errasse:
1110 3088 1271 3174 siquidem
1284 3111 1347 3153 nou

392 3189 490 3252 modo
505 3187 683 3253 studiosum
695 3190 882 3276 quemlibet,
893 3190 949 3255 sed
961 3202 993 3255 et
1010 3191 1115 3254 Deum
1126 3190 1231 3275 ipsum
1248 3212 1347 3276 prava

393 3312 484 3375 posse
505 3289 703 3354 committere
726 3292 846 3357 asserit.
892 3294 989 3368 Item,
1012 3291 1242 3378 providentiam
1272 3292 1345 3369 Dei,

393 3410 495 3475 usque
510 3388 551 3452 nd
565 3391 726 3474 regionem
752 3392 855 3455 Lunae
877 3391 1027 3478 progredi
1047 3391 1221 3457 diffitetur:
1252 3405 1285 3457 et
1310 3405 1347 3457 ut

392 3487 619 3553 divinationem
635 3490 726 3555 tollat
744 3492 1070 3577 praenoscentiamque
1084 3491 1283 3571 futurorum,
1296 3514 1345 3555 ae-

392 3587 468 3653 scrit
479 3578 629 3655 inferiora
638 3612 700 3653 non
713 3592 779 3675 regi
792 3614 849 3676 per
861 3590 978 3655 divinae
990 3590 1117 3655 decreta
1126 3590 1345 3675 providentiae,

393 3710 449 3752 nec
464 3688 648 3773 angelorum
672 3689 823 3775 prodesse
837 3712 942 3775 opem,
957 3703 1012 3754 aut
1030 3690 1212 3755 daemonum
1234 3692 1268 3754 in
1286 3692 1346 3771 his,

391 3788 495 3851 autin
512 3786 630 3851 futuris
647 3787 787 3874 aliquam
811 3810 877 3851 esse
898 3787 1164 3874 perspicientiam.
1209 3792 1292 3856 Sunt
1313 3802 1346 3855 et

392 3884 486 3951 multi
512 3908 633 3951 errores
655 3887 736 3969 ejus,
758 3887 814 3972 qui
842 3886 872 3950 iu
900 3887 1067 3974 scripturis
1093 3902 1159 3951 tarn
1187 3887 1345 3966 Ethnicis,

391 4008 488 4071 quem
511 3985 661 4051 fidelibus
682 3999 834 4072 poterunt
862 3986 1014 4051 inveniri:
1045 4010 1157 4051 verum
1183 3988 1215 4052 iu
1242 3990 1370 4073 logice·

390 4109 498 4170 parem
521 4088 670 4151 habuisse
693 4110 754 4152 uon
776 4087 904 4170 legitur.
951 4088 1046 4151 Unde
1070 4088 1115 4151 sic
1141 4088 1346 4172 accipiendus

392 4200 452 4264 est,
469 4199 505 4252 ut
520 4188 559 4251 ad
577 4188 808 4273 promovendos
825 4190 963 4274 juvenes
977 4189 1018 4252 ad
1033 4189 1189 4273 gravioris
1206 4187 1346 4269 philoso-

392 4288 478 4373 pbiae
498 4288 656 4367 instituta,
672 4288 783 4353 doctor
806 4289 858 4366 sit,
874 4311 936 4353 non
960 4309 1096 4365 morum,
1113 4288 1167 4351 sed
1189 4287 1346 4371 discepta-

392 4400 528 4452 tronum.
