3625 5317
396 830 471 875 cnr.
490 811 561 892 ιιι]
792 828 1031 875 ιιετιιοειοιιε.
1314 815 1357 873 99

397 980 539 1047 infinitas
568 1002 635 1045 esse
657 1001 719 1043 non
743 980 886 1067 patitur:
912 980 966 1045 sed
997 1002 1055 1044 nec
1077 978 1236 1055 relativas,
1258 1000 1355 1064 vagas

395 1104 463 1146 esse
485 1083 656 1169 permittit,
679 1082 758 1169 quin
774 1104 884 1147 earum
908 1083 1111 1167 significatio,
1125 1095 1181 1147 aut
1204 1081 1353 1147 determi-

398 1187 524 1250 natione
545 1207 701 1272 personae‚
725 1197 782 1249 aut
805 1196 909 1261 nctus,
930 1198 988 1250 aut
1010 1185 1121 1250 activis
1142 1183 1272 1249 alterius
1300 1206 1353 1247 oo·

397 1300 548 1353 arctetur.
597 1286 760 1373 Siquidem
777 1286 909 1351 relativa
921 1286 1020 1352 dictio
1031 1302 1090 1367 est,
1106 1310 1180 1373 quoe
1194 1286 1352 1373 significat

397 1412 473 1466 reru,
491 1404 526 1455 ut
539 1390 580 1454 de
593 1412 657 1476 qua
669 1390 828 1475 praecessit
838 1412 953 1467 sermo,
964 1390 1013 1454 sel
1027 1389 1188 1474 cogitatio.
1234 1390 1352 1472 ltaque

397 1513 498 1577 quum
511 1491 631 1556 dicitur
643 1490 767 1577 sapiens
779 1504 825 1556 est
841 1504 873 1556 et
886 1492 976 1567 felix,
987 1496 1044 1575 qui
1058 1492 1142 1556 bona
1157 1490 1257 1567 novit,
1269 1502 1302 1554 et
1314 1512 1353 1555 eo

394 1592 531 1658 lideliter
554 1606 692 1669 exercet,
707 1592 850 1657 relativae
865 1593 1032 1673 dictiones,
1047 1593 1165 1658 scilicet
1182 1596 1241 1676 qui
1255 1606 1289 1657 et
1302 1614 1353 1667 ca,

397 1695 523 1761 etiamsi
545 1716 710 1781 personam
734 1716 797 1758 nou
819 1694 1011 1781 exprimant,
1034 1708 1125 1760 actus
1146 1693 1356 1779 cognoscendi

397 1792 1173 1880 determinatione,asuaquodammodoinfinitate
1181 1806 1355 1858 arctantur.

397 1900 535 1963 Necesse
552 1908 657 1960 tamen
673 1910 719 1962 est
734 1894 873 1983 aliquem
889 1916 988 1960 uuum
1005 1896 1200 1963 dictionibus
1214 1896 1354 1973 subesse,

401 1998 458 2086 qui
475 2010 508 2063 et
526 1998 607 2062 bona
623 1998 757 2079 noverit,
771 2012 803 2065 et
818 2012 976 2080 exerceat,
990 2014 1022 2063 et
1037 2022 1077 2063 ex
1092 2022 1131 2063 eo
1146 2002 1187 2065 sit
1201 1997 1293 2063 felix.

442 2102 525 2165 Nam
542 2116 579 2167 ut
594 2100 673 2165 nihil
687 2114 807 2167 certum
823 2114 857 2166 et
878 2102 1006 2167 linitum
1028 2101 1081 2178 sit,
1096 2103 1129 2166 in
1151 2101 1239 2189 quod
1259 2100 1354 2165 cadat

399 2203 521 2279 relatio,
537 2226 601 2268 nou
617 2204 786 2289 contingit,
801 2204 868 2269 sine
883 2204 963 2269 vitio
977 2217 1033 2269 aut
1056 2206 1171 2291 figura.
1215 2202 1314 2269 Unde
1328 2203 1355 2267 si

399 2328 503 2393 equus
533 2307 741 2394 promittatur
770 2303 802 2371 in
832 2328 959 2393 genere,
990 2320 1023 2371 et
1052 2306 1139 2371 dicat
1170 2304 1353 2393 stipulator,

398 2429 502 2496 equus
524 2409 581 2497 qui
608 2408 686 2473 mihi
712 2409 887 2495 promissus
911 2422 972 2487 est,
996 2431 1091 2475 sanus
1110 2422 1167 2475 aut
1187 2432 1273 2496 oeger
1294 2417 1354 2486 est,

403 2534 503 2599 quum
518 2509 620 2576 omnis
635 2534 739 2599 equus
761 2512 801 2577 sit
821 2527 878 2578 aut
899 2535 995 2577 sanus
1014 2527 1071 2579 aut
1093 2534 1191 2599 aeger,
1206 2512 1356 2597 arguitur

403 2614 531 2699 nugari,
546 2636 584 2677 eo
598 2614 687 2701 quod
703 2635 765 2678 non
784 2626 832 2680 est
852 2638 967 2700 equus,
982 2614 1039 2701 qui
1059 2615 1101 2680 sit
1121 2616 1151 2679 ei
1169 2614 1355 2701 promissus.

401 2718 474 2779 Nou
489 2716 572 2796 dico,
586 2738 653 2781 non
668 2725 725 2795 est,
740 2737 780 2781 eo
794 2717 881 2803 quod
898 2740 962 2781 non
983 2718 1112 2797 existat,
1125 2739 1199 2781 uam
1219 2730 1252 2782 et
1272 2715 1355 2781 illud

399 2817 484 2902 quod
501 2840 563 2883 non
578 2818 699 2897 existit,
714 2833 750 2882 ut
766 2831 879 2903 partus
895 2818 1077 2895 Arethusae,
1092 2817 1125 2880 iu
1144 2818 1355 2882 certissimam

400 2916 573 2983 deducitur
591 2919 830 3004 obligationem,
853 2918 907 2984 sed
928 2918 1005 3004 quia
1024 2917 1155 3004 species,
1174 2918 1286 2996 idest,
1306 2940 1357 2982 res

399 3019 549 3095 discreta,
571 3020 798 3105 obligationem
820 3019 947 3106 generis
968 3040 1030 3083 nun
1058 3016 1200 3105 attingit.
1246 3023 1355 3099 Quum

398 3122 485 3185 enim
502 3120 585 3195 dico,
601 3121 689 3208 quod
713 3122 929 3206 promittitur,
938 3120 1024 3207 quod
1038 3120 1250 3209 significatur,
1266 3124 1355 3211 quod

402 3222 606 3309 intelligitur,
622 3238 654 3289 et
670 3224 796 3295 similia,
811 3224 985 3290 discretum
1000 3223 1123 3312 aliquid
1143 3226 1355 3312 promissioni,

400 3338 458 3393 aut
473 3325 695 3411 significationi
718 3326 897 3414 subjectum
912 3340 961 3392 est
983 3326 1130 3392 sitameu
1154 3330 1284 3417 propria
1306 3345 1354 3397 est

399 3432 468 3515 ipsa
476 3426 599 3505 relatio,
609 3428 691 3494 liunt
701 3440 805 3494 tamen
815 3426 983 3493 relationes
992 3428 1026 3493 iu
1035 3450 1161 3514 genere,
1170 3452 1256 3517 quae,
1266 3428 1355 3495 salvo

400 3528 564 3597 intellectu
593 3531 669 3609 veri,
691 3540 857 3618 nequeunt
877 3530 1019 3595 revocari
1045 3531 1087 3595 ad
1111 3531 1257 3617 speciem.
1305 3533 1354 3598 Ut

402 3654 502 3718 quum
512 3630 764 3711 dicitur,muliar
772 3654 848 3718 quoe
856 3633 1006 3713 saluauit,
1014 3635 1191 3698 damnavit.
1213 3636 1356 3718 Lignum

401 3736 487 3817 quod
498 3738 616 3811 mortis,
629 3743 660 3801 ct
674 3740 752 3801 uilae
762 3756 893 3801 causum
909 3736 1013 3800 dedit:
1038 3743 1165 3818 atquae
1178 3738 1286 3802 ὁονεαι
1296 3760 1357 3803 ou·

391 3839 476 3919 sert,
487 3840 607 3902 revehit
619 3840 706 3903 mitis
716 3838 1031 3922 zephyrussrondes.
1066 3837 1118 3900 Sic
1131 3850 1164 3902 et
1175 3838 1208 3901 in
1219 3837 1270 3920 iis,
1279 3862 1355 3927 quae

400 3937 549 4024 predixi,
570 3938 720 4006 relativas
743 3940 899 4005 dictiones
920 3938 1119 4026 accipiendus
1140 3940 1291 4020 arbitror,
1315 3954 1353 4007 ut

402 4062 467 4105 nou
479 4040 860 4131 decurrantadspeciem,
871 4042 905 4107 id
915 4056 974 4123 est,
983 4042 1024 4107 ad
1034 4041 1200 4109 definitum
1212 4044 1356 4132 aliquod,

401 4141 491 4229 quod
506 4141 698 4224 discernant,
709 4143 765 4209 sed
781 4143 956 4211 subsistant
965 4144 997 4208 iu
1008 4165 1148 4230 genere.
1172 4150 1258 4213 Puta
1265 4144 1355 4231 quod

400 4243 597 4331 significatur
612 4245 672 4311 huc
686 4246 813 4312 nomine
828 4252 928 4323 Ιιοιιιο,
945 4247 1066 4333 species
1079 4261 1139 4329 est,
1155 4246 1306 4333 quoniam
1321 4258 1355 4310 et

401 4345 498 4410 homo
527 4346 743 4433 significatura
766 4348 917 4414 ethome
937 4346 1122 4411 animalium
1152 4344 1273 4431 species
1297 4360 1356 4412 eat.

402 4450 498 4528 Quod
511 4449 709 4537 significatur
720 4451 781 4515 hoc
792 4453 920 4518 nomine
928 4453 1067 4526 animal,
1078 4462 1126 4514 est
1140 4468 1258 4534 genua:
1282 4472 1356 4515 nam

846 4560 909 4615 nu
