3625 5317
440 744 482 805 ³0
705 752 840 800 roausrs
857 750 1134 798 saassnrurusrs
1272 737 1358 811 [un.
1374 754 1396 797 r.

440 906 583 993 regulam
600 906 754 992 praebeat,
766 902 912 992 profecto
930 901 1104 990 desipiunt,
1119 904 1177 990 qui
1197 924 1266 967 eam
1282 902 1397 969 dieunt

440 1008 676 1076 esseinutilem:
695 1030 796 1095 quum
805 1020 982 1093 utrumque
989 1006 1113 1070 ratione
1120 1005 1294 1071 clarissima
1303 1004 1397 1069 doce·

441 1124 516 1177 atur
537 1133 604 1175 esse
626 1108 904 1197 pernecessarium.
949 1106 1181 1194 Duplicitatem
1201 1128 1278 1170 vero
1298 1106 1397 1192 hujus

441 1212 688 1299 significationis,
710 1232 824 1275 nomeu
847 1232 868 1275 a
890 1210 1007 1276 Graeca
1027 1208 1157 1296 quidem
1180 1207 1304 1295 origine
1324 1232 1398 1273 oon-

443 1315 553 1395 trabit,
568 1315 718 1401 quoniam
738 1313 783 1377 ibi
804 1309 900 1399 λόγος,
915 1332 999 1375 nuuc
1019 1331 1205 1391 sermonem,
1219 1332 1305 1376 nunc
1322 1312 1398 1375 rati-

441 1440 534 1483 onem
550 1416 716 1503 significat.
763 1414 824 1479 Sed
842 1428 991 1500 utquam
1014 1412 1165 1478 letissime
1185 1410 1397 1496 protendatur

442 1518 644 1606 significatio,
659 1517 699 1595 ei,
711 1516 752 1581 ad
767 1537 918 1603 praesens,
931 1536 1112 1579 sermonum
1122 1514 1266 1578 omnium
1281 1513 1397 1599 magis·

441 1620 556 1686 terium
568 1619 746 1693 tribuatur3
763 1629 801 1683 ut
809 1639 967 1703 nusquam
973 1617 1182 1680 convincatur
1190 1614 1397 1691 esseiuutilis,

441 1744 541 1809 quum
553 1721 648 1787 etiam
662 1720 836 1787 secundum
847 1717 1074 1806 generaliorem
1090 1716 1235 1793 modum,
1247 1729 1316 1782 tota
1329 1739 1399 1804 per-

441 1824 532 1889 utilis
545 1845 625 1899 esse,
639 1833 672 1885 et
687 1820 859 1885 necessaria
873 1818 1068 1906 apparuerit.
1100 1818 1132 1882 Si
1148 1818 1244 1895 enim,
1260 1831 1298 1883 ut
1313 1842 1398 1906 saepe

440 1922 562 1987 dictum
581 1936 640 2001 est,
659 1922 852 1986 necessarius
876 1920 982 2006 (quod
1002 1941 1095 1984 nemo
1117 1924 1225 2005 negat)
1248 1931 1297 1985 est
1316 1943 1394 1987 usus

441 2023 541 2100 verbi,
555 2033 678 2108 quanto
689 2020 942 2106 compendiosius
956 2020 1100 2102 (locetur,
1112 2032 1203 2085 tanto
1216 2036 1264 2086 est
1279 2020 1397 2086 doctri·

440 2146 483 2191 na
498 2121 618 2198 utilior,
633 2133 666 2185 et
686 2136 770 2187 certe
790 2122 924 2187 fidelior.
968 2123 1114 2189 Stultum
1133 2122 1218 2187 enim
1236 2134 1284 2187 est
1303 2125 1337 2187 in
1357 2147 1396 2188 eo

442 2226 567 2293 diutius
582 2247 654 2290 cum
674 2224 782 2289 labore
796 2237 829 2289 et
848 2223 1036 2291 difficultate
1055 2225 1183 2306 versari,
1197 2224 1286 2311 quod
1305 2226 1396 2291 aliter

442 2327 586 2414 expediri
602 2327 747 2409 iacile,et
761 2327 825 2393 cito
840 2340 957 2415 potest.
989 2326 1075 2392 Solet
1091 2327 1151 2391 hoc
1161 2326 1396 2414 negligentibus

443 2430 579 2507 evenire,
595 2442 627 2494 et
642 2429 699 2515 qui
714 2429 873 2516 jacturam
890 2430 1040 2514 temporis
1059 2428 1179 2493 nullius
1192 2443 1310 2518 putant
1329 2454 1396 2497 esse

443 2530 605 2597 momenti.
644 2531 796 2595 Omnium
812 2530 922 2618 itaque
934 2531 1148 2618 gerendorum
1162 2545 1247 2597 artes
1260 2532 1397 2619 amplec-

444 2632 551 2699 tendre
566 2646 650 2712 sunt,
664 2644 695 2697 et
711 2631 862 2714 colendae,
876 2654 914 2697 eo
928 2632 1060 2720 quidem
1075 2633 1262 2713 studiosius,
1274 2658 1342 2721 quo
1353 2636 1396 2701 ab

443 2737 566 2823 optime
576 2748 707 2822 parente
718 2746 833 2799 nature
844 2734 996 2820 originem
1009 2734 1145 2813 ducunt,
1156 2748 1188 2801 et
1198 2735 1396 2801 nobilitatem

443 2838 578 2925 generis,
587 2837 673 2905 sacili
683 2836 809 2903 etfelici
816 2837 1031 2923 gerendorum
1042 2838 1396 2924 protestantureffectu.

445 2940 665 3008 Gerendorum
688 2939 806 3006 idcirco
826 2940 962 3005 dixerim
985 2952 1070 3005 artes
1091 2938 1249 3014 colendas,
1270 2940 1313 3005 ad
1334 2940 1398 3005 dis·

443 3045 613 3109 cretionem
641 3043 771 3122 artium,
795 3066 868 3130 quae
895 3057 1064 3107 versantur
1088 3042 1121 3105 in
1148 3043 1328 3123 maleficiis:
1360 3054 1397 3107 ut

443 3157 518 3209 sunt
545 3141 777 3229 sortilegorum,
802 3163 834 3208 et
859 3158 983 3210 caeterae
1008 3144 1186 3230 reprobatae
1211 3146 1398 3211 matheseos.

444 3248 527 3319 Quae
541 3247 690 3329 quoniam
706 3245 747 3309 ab
760 3244 870 3309 officiis
884 3245 996 3310 alienoe
1015 3255 1099 3317 sunt.
1115 3270 1135 3311 a
1149 3257 1216 3312 toto
1230 3247 1396 3311 bominum

444 3358 541 3422 centu,
553 3357 638 3410 recte
648 3342 941 3431 philosophantium
953 3347 1093 3426 decreto,
1103 3348 1257 3413 eliminari
1268 3346 1395 3413 debent.

446 3446 509 3511 Sed
524 3445 565 3510 de
580 3445 628 3511 hir
643 3444 739 3513 letius
752 3445 875 3511 dictum
890 3460 938 3513 est
953 3447 986 3511 in
1002 3449 1211 3536 Polycratico.

447 3614 527 3700 Cap.
548 3618 595 3678 ll.
621 3614 710 3689 Quid
730 3634 796 3689 ors,
819 3621 852 3677 et
871 3614 910 3678 dc
930 3616 1092 3698 speciebus
1112 3619 1334 3700 inperitorum.-
1364 3624 1396 3679 et

660 3716 745 3798 quod
758 3716 882 3779 ortibus
896 3719 1068 3783 accolendo
1082 3728 1170 3782 sunt.

487 3850 559 3914 Est*
568 3861 675 3914 nutem
687 3872 749 3931 ars,
758 3850 852 3927 ratio,
862 3873 936 3937 quoe
947 3851 1137 3938 compendio
1145 3854 1195 3918 sui
1208 3852 1397 3917 naturaliter

446 3950 644 4039 possibilium
660 3952 792 4040 expedit
807 3953 1004 4019 facultatem.
1049 3958 1164 4041 Neque
1179 3958 1261 4020 enim
1278 3958 1398 4041 impos·

448 4051 586 4118 sibilium
610 4058 693 4119 ratio
715 4066 859 4141 praestat,
878 4068 936 4121 aut
956 4055 1127 4143 pollicetur
1147 4057 1315 4131 effectum
1344 4056 1401 4122 sed

445 4179 566 4231 eorum,
582 4179 656 4243 quae
671 4155 738 4221 lieri
759 4172 904 4244 possunt,
926 4158 1019 4246 quasi
1035 4159 1176 4245 quodam
1194 4157 1400 4244 dispendioso

445 4275 570 4325 naturae
584 4259 721 4325 circuitu
740 4260 1001 4347 compendiosum
1024 4260 1086 4324 iter
1104 4261 1238 4347 pra-bet,
1260 4275 1293 4325 et
1316 4262 1402 4349 parit

447 4361 495 4438 (ut
528 4362 573 4427 ita
602 4361 751 4442 dixerim)
783 4360 960 4426 difficilium
992 4361 1190 4428 facultatem.
1241 4363 1339 4428 Unde
1369 4374 1402 4428 et
