3625 5317
744 824 848 869 ruonx
863 824 1022 871 caenum.
1340 818 1360 874 5

424 973 451 1026 8.
471 972 514 1025 De
526 972 615 1027 Titulo
627 972 769 1027 definiendi
782 974 825 1043 qui
837 978 973 1026 exercetur
983 974 1010 1025 iu
1023 973 1114 1028 Sexto.

424 1059 450 1112 9.
471 1058 512 1113 De
523 1060 683 1133 problemate
697 1060 816 1131 ejusdem
827 1066 854 1111 et
868 1059 973 1124 diversi,
985 1060 1054 1129 quod
1066 1064 1182 1131 agitatur
1192 1063 1220 1115 in
1232 1065 1360 1135 septimo:

510 1152 538 1197 et
549 1147 693 1199 communia
705 1144 823 1214 quedam
835 1143 1001 1215 Topicorum.

407 1229 449 1283 10.
468 1230 511 1283 De
523 1230 637 1285 ulilitate
649 1232 742 1285 octavi.

710 1470 831 1525 LIBER
850 1470 1048 1533 QUARTUS.

425 1571 449 1623 l.
467 1572 554 1635 Quou
563 1573 632 1627 liber
642 1573 837 1643 Analyticcrum
849 1580 890 1627 est
901 1575 1030 1627 rationum
1042 1574 1253 1628 examinatorius.

424 1657 449 1709 2.
468 1658 546 1720 Quod
560 1660 676 1711 Scieutia
690 1660 747 1712 haec
762 1659 835 1712 utilis
851 1660 938 1711 estad
953 1660 1053 1711 omnia:
1073 1666 1101 1712 et
1113 1660 1184 1713 unde
1198 1659 1255 1712 hoec
1268 1662 1360 1713 sortita

511 1742 546 1794 sit
557 1758 659 1793 nomen.

424 1822 450 1875 3.
469 1823 548 1886 Quod
559 1824 625 1875 liber
637 1840 688 1877 uon
701 1828 808 1875 eatenus
822 1823 892 1877 utilis
904 1829 946 1877 est
956 1824 990 1876 ad
1001 1824 1115 1895 phrasim
1126 1826 1332 1897 comparandam.

423 1910 451 1959 4.
469 1909 538 1972 Quae
550 1909 584 1961 sit
596 1908 655 1960 libri
668 1909 743 1980 primi
756 1909 895 1979 conceptio.

425 1994 450 2046 ὅ.
470 1993 538 2056 Qum
549 1995 583 2046 sit
595 1995 727 2065 conceptio
738 1994 854 2046 secundi.

425 2079 450 2131 6.
470 2080 513 2131 De
524 2078 679 2132 difficultate
691 2080 862 2151 posteriorum
871 2078 1079 2149 Analyticorum:
1091 2086 1118 2133 et
1129 2081 1198 2134 unde
1209 2082 1359 2150 contingat?

424 2166 448 2223 7.
468 2164 558 2227 Quare
569 2164 727 2217 Aristoteles
739 2182 833 2217 nomen
850 2164 1003 2237 Philosophi
1014 2182 1068 2237 praa
1079 2167 1180 2219 caeteris
1191 2168 1321 2219 meruerit.

424 2250 449 2301 8.
469 2248 511 2301 De
530 2246 617 2301 officio
636 2248 857 2311 demonstrative,
875 2256 901 2302 et
918 2267 953 2302 ex
967 2250 1060 2318 quihus
1075 2252 1110 2302 ait
1124 2250 1317 2315 demonstratio,
1333 2257 1361 2305 et

510 2332 655 2404 quomodo?
689 2338 716 2385 et
739 2332 807 2401 quod
830 2350 922 2387 sensus
944 2336 1060 2389 scientiae
1081 2336 1235 2408 principium
1257 2342 1309 2402 est,
1333 2342 1361 2389 et

510 2418 656 2487 quomodo?

423 2505 449 2558 9.
468 2505 540 2567 Quid
558 2520 658 2567 sensns,
671 2508 699 2556 et
717 2504 845 2572 quomodo
857 2504 941 2557 omnis
957 2504 1129 2577 philosophia
1143 2508 1243 2579 species
1258 2524 1293 2559 ex
1304 2508 1361 2578 ipso

510 2589 688 2642 convalescant
699 2607 745 2661 per
757 2590 980 2658 imaginationem.

407 2674 448 2729 10.
467 2675 511 2728 De
524 2674 727 2743 Imaginaticue:
741 2680 768 2727 et
779 2676 847 2744 quod
860 2694 895 2728 ex
906 2676 966 2745 ipsa
977 2676 1093 2728 oriuntur
1104 2674 1255 2729 affectiones
1267 2675 1361 2745 quibus

511 2761 599 2813 enims
606 2761 779 2831 componitur,
791 2767 838 2813 aut
849 2761 954 2814 turbata
966 2761 1126 2813 deturbatum.

408 2846 448 2899 ll.
467 2847 541 2909 Quid
560 2848 727 2915 imaginatio;
756 2852 783 2898 et
805 2846 838 2899 de
861 2847 981 2919 opinione
1002 2852 1030 2899 et
1050 2844 1155 2899 fallacia
1176 2847 1312 2917 opinionis,
1333 2852 1362 2899 at

511 2948 615 2983 sensus:
635 2938 661 2982 et
674 2930 707 2982 de
720 2936 777 2983 ortu
791 2930 932 2982 Phronesis
947 2947 1025 2997 quam
1040 2946 1089 2980 uos
1101 2929 1265 2999 prudentiam
1278 2932 1359 2983 nomi·

512 3032 614 3067 namus.

407 3100 450 3153 la.
468 3098 540 3161 Quid
558 3098 704 3169 prudentia,
722 3116 780 3167 quae
797 3096 907 3149 materia
925 3097 990 3167 ejus,
1007 3114 1065 3165 quac
1082 3100 1177 3168 partes,
1189 3104 1217 3150 et
1234 3098 1361 3167 quemme

512 3183 621 3235 scientia
633 3200 666 3235 ex
679 3184 776 3236 sensit?

407 3270 449 3323 1³.
468 3270 512 3323 De
523 3268 670 3321 differentia
682 3270 797 3323 scientiae
808 3273 836 3320 et
848 3266 997 3338 Sapieutlae,
1009 3272 1038 3320 et
1049 3268 1110 3337 quid
1121 3267 1196 3321 fides.

407 3355 448 3409 14.
467 3356 510 3409 De
521 3354 668 3423 cognitione
680 3356 825 3424 φρονήσεως,
839 3359 866 3406 et
878 3355 998 3418 uocem,
1011 3359 1039 3406 et
1055 3354 1088 3407 de
1104 3360 1162 3407 ortu
1176 3348 1321 3427 phronesis,
1332 3363 1360 3411 et

509 3438 571 3505 quid
584 3437 658 3489 ratic.

408 3523 450 3576 lli.
469 3523 538 3575 Item
556 3523 619 3591 quid
637 3522 736 3575 Ratio?
761 3524 789 3574 et
803 3520 872 3589 quod
888 3538 984 3574 nomen
994 3522 1102 3574 tationis
1113 3522 1250 3595 multiplex
1261 3530 1315 3578 est:
1334 3531 1362 3578 et

512 3607 579 3677 quod
593 3609 705 3659 rationes
718 3606 890 3677 sempiternae.

407 3692 449 3747 16.
468 3692 610 3746 Distiuctio
622 3690 830 3762 multiplicitatis,
843 3696 870 3744 et
882 3691 951 3760 quod
965 3691 1041 3744 bruta
1052 3709 1104 3745 nou
1115 3693 1215 3747 habent
1224 3696 1360 3761 rationem,

512 3778 562 3831 etsi
582 3776 727 3829 discernere
747 3774 894 3840 videantur,
912 3780 939 3827 et
959 3774 1029 3827 uude
1046 3774 1199 3835 homocum
1218 3780 1310 3831 sortita
1326 3782 1362 3832 sit

506 3862 586 3934 juxta
599 3860 745 3916 Hehroecs?

408 3945 451 4004 1³1.
468 3946 511 3999 De
528 3944 616 3999 officio
634 3944 755 3997 rationis:
780 3949 807 3995 et
825 3960 904 4013 quare
923 3960 1015 3997 sensus
1032 3946 1059 3997 in
1071 3944 1176 4015 Capite,
1188 3947 1281 4014 quibus
1295 3949 1362 4001 ratic

513 4030 642 4103 praesidet,
655 4035 682 4083 et
693 4044 757 4098 quas
768 4027 937 4099 pedissequas
947 4028 1046 4082 habeat
1055 4028 1215 4100 philologia?

408 4118 451 4171 18.
470 4117 513 4170 De
525 4118 673 4171 differentia
686 4116 802 4179 rationis,
815 4120 842 4167 et
853 4114 1014 4169 intellectus:
1034 4122 1061 4169 et
1073 4116 1135 4185 quid
1146 4116 1313 4172 intellectus?

409 4202 450 4255 19.
469 4201 541 4264 Quid
553 4202 704 4272 Sapientia?
724 4204 751 4253 et
763 4200 830 4269 quod
842 4200 899 4271 ipsa
911 4201 944 4254 de
956 4218 1034 4254 sensu
1046 4218 1092 4271 per
1103 4202 1225 4268 gratiam.

408 4286 452 4339 20.
470 4286 513 4338 De
533 4285 679 4352 cognitione
697 4285 799 4348 enimse,
817 4290 845 4337 et
866 4285 898 4338 de
918 4285 1094 4357 simplicitate,
1116 4290 1146 4337 et
1166 4284 1361 4337 immortalitate

513 4370 654 4425 seeundum
667 4370 828 4425 Ciceronem.
